1730 2870
280 126 372 173 με)
515 112 562 160 L,
609 108 918 154 ANNAffl
968 106 1338 152 SENECAE

275 219 398 266 niunt
410 255 423 277 2
437 217 512 264 nisi
529 215 652 279 quod
667 215 795 276 origo
812 212 1012 259 humoris
1033 212 1191 259 inclusa
1212 212 1271 259 est
1287 213 1303 259 ἓ
1322 216 1415 276 Age
1427 248 1440 270 ‚
1456 230 1559 260 cum

275 294 399 340 vides
420 291 707 350 interruptum
724 287 896 349 Tigrim
925 287 969 332 in
991 287 1139 332 medio
1175 286 1338 333 itineris
1374 287 1522 334 siccari
1543 320 1558 344 ‚

272 379 315 413 et
334 381 426 411 non
444 361 691 409 universum
728 359 893 416 averti,
932 359 1003 404 sed
1038 359 1270 420 paulatim,
1297 375 1388 404 non
1425 350 1558 422 appa.-

272 437 467 484 rentibus
485 433 679 487 damnis,
703 432 843 478 minui
881 431 1103 493 primum,
1136 431 1293 478 deinde
1325 431 1557 479 consumi:

271 526 360 573 quo
374 508 492 553 illum
515 519 639 569 putas
650 505 770 551 abire
790 502 866 549 nisi
885 504 929 548 in
943 502 1128 549 obscura
1145 515 1356 550 terrarum
1374 521 1387 560 ;
1408 505 1558 567 utique

271 600 369 631 cum
393 581 544 628 videas
563 593 786 640 emergere
803 575 959 622 iterum
980 607 995 631 ‚
1028 592 1118 622 non
1141 577 1359 623 minorem
1387 595 1443 625 eo
1480 576 1557 641 qui

269 657 391 720 prior
415 654 627 702 fluxerat?
669 651 793 712 Quid
819 668 919 697 cum
944 651 1069 698 vides
1099 651 1315 713 Alpheum
1332 687 1347 708 ,
1372 654 1556 700 celebra-

269 745 359 778 tum
379 729 543 793 poetis,
562 729 606 774 in
626 724 786 772 Achaia
804 725 968 788 mergi,
981 737 1023 770 et
1042 724 1086 769 in
1097 723 1241 771 Sicilia
1256 725 1402 771 rursus
1421 739 1555 774 trans-

270 803 382 849 ieilo
405 801 513 847 mari
548 798 773 847 effundere
795 796 1144 844 amoeniffimum
1173 795 1342 844 fontem
1371 799 1554 845 Arethu-

269 875 355 920 sam
377 873 393 918 ἓ
424 871 574 918 Nescis
596 885 740 916 autem
760 903 774 926 ,
794 867 907 914 inter
934 867 1198 930 opiniones,
1227 868 1385 931 quibus
1416 886 1555 916 narra-

269 960 338 992 tur
356 945 446 991 Nili
464 944 625 991 aestiva
647 942 881 989 inundatio
903 978 917 998 ,
943 956 986 988 et
1019 942 1131 989 hanc
1150 942 1236 989 effe
1252 979 1266 1001 ‚
1302 960 1326 990 a
1356 958 1470 990 terra
1502 945 1555 990 il-

267 1019 357 1064 lum
381 1032 610 1077 erumpere
628 1053 640 1072 ,
661 1029 703 1061 et
722 1014 868 1077 augeri
886 1030 976 1060 non
1003 1013 1195 1077 supernis
1221 1015 1343 1079 aquis
1365 1048 1380 1071 ,
1409 1015 1481 1062 sed
1502 1034 1555 1062 ex

267 1092 426 1138 intimo
444 1090 649 1137 redditis?
671 1092 767 1153 Ego
788 1088 969 1151 quidem
988 1089 1268 1135 centuriones
1286 1089 1425 1148 duos,
1444 1106 1554 1153 quos

268 1168 390 1213 Nero
427 1164 584 1212 Caesar
603 1201 616 1220 .,
644 1177 692 1209 ut
725 1162 903 1209 aliarum
931 1161 1172 1219 virtutum,
1198 1161 1255 1208 ita
1280 1162 1475 1210 veritatis
1507 1164 1553 1209 in

243 1238 423 1300 ,primis
457 1235 798 1293 amandffimus,
829 1235 883 1280 ad
911 1233 1262 1298 investigandum
1298 1248 1428 1299 caput
1460 1236 1551 1283 Nili

268 1311 462 1362 miserat„
482 1309 630 1355 audivi
650 1322 888 1364 narrantes,
909 1308 1089 1370 longum
1106 1307 1300 1355 illositer
1316 1310 1550 1373 peregiffe,

265 1400 366 1430 cum
389 1399 413 1427 a
431 1384 550 1445 Rege
572 1381 832 1442 Aethiopiae
848 1379 1037 1426 instruffl
1056 1380 1240 1437 auxilio,
1268 1384 1551 1429 commenda-

265 1456 385 1518 tique
419 1455 633 1518 proximis
660 1455 833 1516 regibus
853 1485 867 1508 ,
895 1452 1200 1515 penetraffent.
1235 1456 1308 1500 Ad
1343 1455 1550 1502 ulteriora

266 1529 469 1588 quidem,
502 1527 703 1581 aiebant,
741 1526 1054 1588 pervenimus,
1083 1526 1136 1572 ad
1163 1527 1392 1574 immensas
1425 1528 1548 1590 palu-

266 1602 342 1648 des
357 1638 368 1658 ,
406 1617 591 1664 quarum
616 1599 782 1646 exitum
800 1615 880 1646 nec
903 1598 1076 1645 incolae
1095 1612 1312 1647 noverant
1325 1634 1339 1656 ‚
1359 1618 1437 1648 nec
1453 1604 1548 1664 spe·

264 1690 356 1720 rare
377 1673 606 1736 quisquam
634 1671 777 1735 potest
798 1708 811 1730 ‚
852 1671 909 1717 ita
950 1670 1187 1733 implicitae
1221 1673 1344 1736 aquis
1388 1675 1548 1723 herbae

265 1748 385 1802 sunt.¹
422 1761 464 1794 et
488 1764 624 1810 aquae
652 1764 732 1794 nec
758 1746 892 1809 pediti
919 1746 1191 1805 eluclabiles‚
1224 1765 1307 1796 nec
1333 1750 1510 1813 navigio
1531 1783 1544 1807 ,

264 1822 387 1884 quod
420 1821 497 1867 nisi
518 1838 704 1882 parvum
736 1835 780 1868 et
807 1821 932 1867 unius
958 1836 1121 1883 capax,
1150 1821 1302 1868 limosa
1333 1835 1376 1869 et
1408 1824 1544 1871 obsita

264 1893 379 1956 palus
398 1910 490 1940 non
510 1893 632 1940 ferat.
651 1894 712 1940 lbi
730 1926 743 1948 ‚
769 1892 910 1957 inquit
928 1929 941 1949 ,
966 1892 1157 1941 vidimus
1178 1894 1282 1940 duas
1311 1906 1451 1956 petras
1466 1929 1478 1950 ,
1492 1911 1545 1941 ex

261 1965 423 2028 quibus
444 1966 596 2028 ingens
617 1965 683 2013 vis
707 1965 900 2012 fluminis
920 1965 1157 2013 excidebat.
1184 1966 1267 2013 Sed
1299 1965 1387 2012 five
1416 1979 1545 2028 caput

262 2038 360 2093 illa,
391 2039 479 2085 sive
509 2037 695 2085 acceffio
716 2038 776 2085 est
797 2038 922 2096 Nili,
958 2039 1047 2084 sive
1073 2050 1178 2084 tunc
1205 2037 1391 2086 nascitur
1411 2074 1424 2096 ,
1457 2039 1545 2086 five

260 2113 304 2158 in
327 2125 460 2159 terras
487 2129 539 2158 ex
567 2111 713 2174 priore
733 2126 907 2175 recepta
926 2111 1050 2159 cursu
1069 2111 1203 2158 redit:
1225 2129 1375 2160 nonne
1395 2126 1439 2160 tu
1455 2130 1544 2160 cre·

261 2185 354 2241 dis,
374 2185 517 2241 illam,
538 2184 752 2247 quidquid
780 2184 871 2240 est,
906 2201 961 2229 ex
1002 2198 1162 2246 magno
1196 2196 1409 2230 terrarum
1446 2185 1543 2231 lacu

259 2257 520 2304 ascendere?
541 2259 738 2304 Habeant
756 2258 873 2304 enim
894 2272 1075 2320 oportet
1090 2257 1285 2320 pluribus
1300 2259 1408 2307 locis
1426 2260 1542 2322 spar-

260 2329 350 2376 sum
378 2331 633 2387 humorem,
652 2345 695 2377 et
730 2330 888 2379 inimo
919 2332 1147 2391 coafium,
1165 2346 1214 2380 ut
1241 2333 1433 2381 erudiare
1451 2346 1540 2388 tan-

263 2415 311 2449 to
339 2402 506 2465 impetu
537 2402 711 2466 possint.
