1730 2870
352 147 602 196 NATUR.
656 145 949 207 QUAEST.
1001 145 1184 191 L113.1.
1321 157 1408 207 177

132 271 181 308 ut
214 268 335 322 puto.
372 255 505 319 Atqui
537 266 623 300 tam
661 254 704 298 in
743 253 913 298 sublimi
946 252 1075 299 facies
1108 251 1200 298 eius
1234 248 1408 313 potest,

132 348 262 395 quam
292 330 404 376 inter
429 344 510 374 nos
526 362 540 384 ‚
559 325 681 373 reddi
700 343 710 371 :
737 324 766 370 fi
786 326 925 370 modo
953 324 1112 370 idonea
1129 323 1189 369 est
1209 321 1411 381 materia,

134 420 244 469 quae
273 402 439 449 reddat.
672 400 673 403 ’

197 479 293 524 ΧΗ.
332 473 523 536 Quoties
551 470 847 519 defeffionem
886 469 985 517 solis
1021 468 1227 516 volumus
1256 468 1412 531 depre-
1456 510 1458 515 ,

131 551 324 598 hendere
342 584 356 607 ,
385 547 592 611 ponimus
630 546 807 609 pelves,
837 561 942 607 quas
979 556 1051 590 aut
1079 544 1183 589 oleo
1214 556 1284 588 aut
1315 543 1413 603 pice

132 622 395 684 implemus:
422 619 521 682 quia
547 617 721 681 pinguis
752 617 917 662 humor
937 614 1079 660 minus
1107 612 1230 658 facile
1262 614 1411 679 turba-

131 710 225 753 tur,
253 710 296 742 et
320 695 422 741 ideo
451 710 558 757 quas
579 691 732 754 recipit
762 688 996 753 imagines,
1021 687 1177 734 servat.
1213 688 1414 749 Appare-

134 788 180 817 re
206 784 350 816 autem
380 769 590 831 imagines
630 784 720 814 non
752 765 952 828 possunt,
979 762 1055 808 nifi
1084 761 1129 807 in
1166 761 1336 823 liquido
1367 774 1413 809 et

134 845 337 891 immoto.
366 845 496 890 Tunc
527 842 712 887 solemus
745 851 926 895 notare,
958 835 1333 900 quemadmodum
1370 836 1413 884 se

135 917 236 964 luna
256 917 333 963 soli
351 928 576 979 opponat,
605 927 651 960 ut
673 914 792 959 illum
811 924 934 958 tanto
955 910 1190 967 maiorem,
1214 908 1413 958 subiec'io

136 1006 327 1053 corpore
357 987 618 1045 abscondat,
646 987 784 1032 modo
808 1002 862 1031 ex
883 996 1002 1046 parte
1020 1019 1033 1039 ,
1055 982 1086 1028 s1
1118 981 1175 1027 ita
1200 982 1410 1046 contigit,

136 1074 183 1108 ut
203 1063 312 1107 latus
335 1059 602 1115 occurrerit,
628 1058 768 1103 modo
789 1069 947 1103 totum.
971 1055 1090 1101 Haec
1118 1053 1277 1100 dicitur
1309 1073 1413 1119 per-

137 1134 243 1180 fefi'ta
271 1132 486 1186 defeStio,
513 1147 623 1194 quae
654 1129 789 1176 stellas
818 1145 999 1192 quoque
1026 1127 1243 1185 ostendit,
1272 1142 1314 1176 et
1340 1131 1415 1177 in·-

136 1205 309 1267 tercipit
327 1205 493 1261 lucem,
525 1217 629 1250 tunc
647 1203 836 1256 scilicet,
864 1219 966 1248 cum
986 1213 1169 1264 uterque
1192 1203 1312 1250 orbis
1333 1204 1411 1252 sub

136 1279 293 1325 eodem
316 1278 580 1325 libramento
601 1276 725 1323 stetit.
757 1275 1150 1336 Quemadmodum
1174 1292 1282 1339 ergo
1300 1279 1411 1325 utri-

135 1351 269 1415 usque
288 1350 434 1414 imago
454 1351 498 1396 in
517 1350 641 1396 terris
659 1349 818 1411 adspici
836 1347 1006 1411 potest:
1027 1347 1085 1394 ita
1103 1347 1146 1393 in
1161 1349 1260 1395 aere
1273 1385 1289 1406 ,
1310 1368 1414 1398 cum

137 1427 187 1474 sit
206 1429 381 1475 coafflus
402 1429 476 1474 aer
500 1439 542 1473 et
559 1424 768 1489 limpidus
783 1457 796 1480 ‚
823 1423 1036 1481 constitit,
1061 1438 1108 1471 ut
1127 1422 1282 1471 faciem
1312 1426 1415 1474 solis

139 1502 354 1565 acciperet
368 1538 381 1559 ‚
399 1519 531 1565 quam
551 1513 595 1547 et
614 1501 720 1546 aliae
744 1501 881 1548 nubes
901 1501 1123 1564 accipiunt
1141 1536 1154 1558 ‚
1184 1502 1255 1549 sed
1279 1501 1415 1550 trans-

139 1576 315 1623 mittunt
328 1613 341 1634 ,
365 1576 394 1622 si
413 1588 485 1622 aut
503 1574 686 1621 mobiles
703 1573 820 1628 sunt,
843 1586 915 1620 aut
932 1591 1074 1628 rarae,
1101 1587 1174 1621 aut
1192 1574 1411 1624 sordidae.

138 1647 328 1694 Mobiles
352 1647 470 1693 enim
502 1647 705 1710 spargunt
728 1645 876 1705 illam,
909 1662 1030 1692 rarae
1060 1645 1287 1701 emittunt,
1319 1649 1416 1694 sor-

139 1719 264 1765 didae
283 1718 513 1781 turpesque
531 1734 620 1765 non
639 1718 852 1775 sentiunt,
884 1716 991 1764 ficut
1004 1718 1125 1780 apud
1151 1735 1234 1765 nos
1259 1719 1415 1783 imagi⁴

141 1808 240 1839 nem
261 1791 476 1837 maculosa
495 1807 586 1837 non
607 1791 809 1837 reddunt.

204 1863 322 1909 XllI.
344 1861 493 1909 Solent
511 1877 555 1908 et
582 1861 684 1908 bina
712 1860 806 1927 fieri
837 1860 1018 1923 parelia,
1047 1861 1197 1909 eadem
1226 1862 1416 1912 ratione.'

141 1936 267 1997 Quid
286 1935 404 1981 enim
428 1934 614 1998 impedit
632 1952 725 1996 quo
742 1936 886 1982 minus
905 1949 973 1982 tot
999 1935 1079 1982 (int
1094 1972 1107 1993 ,
1136 1951 1248 1998 quot
1280 1938 1416 1985 nubes

140 2009 317 2055 fuerunt
339 2020 459 2072 aptae
478 2010 532 2056 acl
554 2008 844 2055 exhibendam
862 2009 1049 2072 effigiem
1071 2010 1200 2055 solis?
1222 2011 1417 2071 Quidam

140 2081 187 2126 in
214 2080 285 2127 illa
311 2082 515 2129 sententia
543 2082 667 2140 sunt,
703 2081 905 2143 quotiens
936 2082 1026 2128 duo
1062 2081 1286 2128 simulacra
1317 2083 1418 2129 talia

142 2152 373 2210 exsistunt,
390 2169 438 2200 ut
456 2154 673 2209 iudicent,
697 2171 834 2200 unum
855 2153 938 2199 effe
960 2153 1060 2200 solis
1075 2189 1089 2210 ‚
1109 2154 1288 2201 alterum
1310 2155 1420 2205 ima-

142 2224 266 2289 ginis.
288 2227 402 2271 Nam
432 2226 548 2288 apud
567 2243 649 2274 nos
672 2243 853 2289 quoque
878 2243 976 2273 cum
1001 2225 1122 2287 plura
1143 2226 1311 2288 specula
1338 2228 1425 2275 dis-

142 2297 282 2361 posita
306 2298 404 2344 sunt
423 2298 507 2356 ita,
540 2313 588 2346 ut
606 2298 726 2346 alteri
747 2298 796 2344 fit
813 2298 1067 2360 conspeiius
1085 2299 1261 2347 alterius
1274 2335 1288 2358 ‚
1315 2309 1421 2347 om-

145 2372 217 2418 nia
235 2371 493 2434 implentur,
513 2384 558 2420 et
575 2388 660 2418 una
676 2372 827 2434 imago
845 2377 870 2417 ἐι
889 2387 1001 2419 vero
1021 2370 1081 2417 est
1095 2407 1109 2428 ,
1127 2386 1295 2420 ceterae
1313 2373 1424 2419 ima-

145 2446 297 2511 ginum
317 2446 482 2511 effigies
501 2446 611 2507 sunt.
630 2446 751 2492 Nihil
772 2447 891 2494 enim
916 2446 1052 2496 refert
1070 2447 1180 2511 quid
1195 2447 1271 2507 fit,
1295 2447 1421 2511 quod

211 2521 261 2567 L.
285 2523 408 2568 Arm.
435 2524 606 2570 Seneca.
639 2523 735 2567 Vol.
761 2521 788 2564 I
793 2523 847 2570 V„
1148 2520 1199 2566 M
