1730 2870
384 136 649 184 NATUR.
693 131 994 195 QUAEST.
1041 131 1160 176 Llss.
1197 131 1271 176 VI.
1379 142 1466 191 313

193 245 387 294 excutit:
415 242 630 307 imperitis
660 240 707 288 fit
733 257 889 305 magna
909 257 963 288 ex
994 237 1297 301 desperatione
1317 234 1477 283 securi-

195 331 268 365 tas.
300 319 402 364 Hoc
429 316 574 378 itaque
606 313 755 378 generi
787 314 981 360 humano
1010 311 1173 358 dfflum
1196 320 1335 372 putas
1354 310 1478 372 qnod

194 392 273 437 illis
297 389 431 436 subita
453 388 704 451 captivitate
724 386 836 434 inter
864 386 985 450 ignes
1011 400 1056 432 et
1074 383 1245 430 hostem
1267 380 1478 444 stupenti—

196 464 274 509 bus
296 461 461 508 dietum
479 459 540 506 est
553 496 567 517 ,

325 571 430 614 Una
445 568 569 628 fillus
586 565 706 611 viflis
724 599 738 621 ,
764 568 926 611 nullam
932 563 1096 625 sperare
1102 563 1301 623 ν[ἱιίιιεεηι.

189 672 232 718 si
259 673 390 721 vultis
416 674 524 721 nihil
549 674 729 727 timere,
755 675 942 738 cogitate
964 675 1114 721 omnia
1134 674 1220 721 effe
1245 674 1469 721 timenda:

190 746 512 810 circumspicite
535 765 666 812 quam
687 749 855 796 levibus
884 747 1017 795 causis
1038 747 1331 794 discutiamur.
1365 749 1469 794 Non

191 823 315 869 cibus
335 823 492 880 nobis,
523 840 611 869 non
641 823 829 881 humor,
850 839 939 869 non
961 822 1108 885 vigilia
1125 855 1139 877 ,
1164 839 1252 868 non
1271 821 1474 879 somnus,

190 895 276 943 {ine
307 897 502 943 mensura
536 897 725 958 quadam
761 895 942 942 salubria
975 895 1086 941 sunt.
1115 897 1204 940 Iam
1240 893 1476 957 intelligitis

189 969 416 1031 nugatoria
436 985 517 1014 nos
544 967 629 1014 effe
654 968 936 1030 corpuscula,
961 979 1004 1013 et
1031 966 1273 1023 imbecilla,
1303 965 1437 1012 fluida
1457 1001 1470 1023 ‚

188 1057 280 1086 non
305 1057 460 1104 magna
481 1039 714 1086 molitione
733 1039 970 1102 perdenda.
996 1038 1094 1084 Sine
1115 1038 1252 1083 dubio
1270 1037 1316 1083 id
1333 1055 1471 1083 unum

187 1112 368 1174 periculi
386 1112 483 1159 satis
503 1112 603 1159 effet
617 1149 629 1170 ,
649 1113 768 1175 quod
791 1125 983 1158 tremunt
1002 1124 1167 1179 terrae,
1188 1113 1308 1174 quod
1333 1112 1471 1157 subito

188 1186 472 1248 dissipantur,
502 1204 551 1233 ac
578 1185 839 1248 superposita
867 1186 1092 1233 diducunt.
1113 1185 1259 1249 Magni
1285 1186 1327 1233 se
1347 1186 1470 1232 aesti—

186 1273 276 1304 mat
297 1292 311 1314 ‚
335 1259 410 1322 qui
437 1258 618 1305 fulmina
644 1273 686 1305 et
718 1271 862 1304 motus
882 1272 1093 1312 terrarum
1121 1259 1347 1319 hiantique
1374 1259 1471 1305 ‘for-

184 1333 321 1380 midat
339 1351 350 1380 :
376 1333 471 1379 vult
489 1333 558 1378 ille
578 1331 887 1379 imbecillitatis
908 1331 1004 1377 suae
1023 1331 1097 1377 fibi
1117 1331 1320 1378 conscius
1341 1331 1470 1377 time-

185 1422 233 1452 re
263 1405 495 1469 pituitam?
534 1406 591 1452 ita
633 1405 839 1452 videlicet
876 1403 963 1450 nati
998 1403 1169 1461 sumus,
1206 1419 1294 1450 tam
1330 1403 1470 1450 felicia

185 1477 325 1524 sortiti
346 1478 542 1524 membra
561 1515 574 1535 ‚
605 1492 646 1525 et
664 1477 710 1522 in
726 1478 838 1524 hanc
859 1476 1201 1539 magnitudinem
1222 1476 1442 1523 crevimus
1458 1513 1471 1533 ‚

184 1561 228 1598 et
244 1552 304 1597 ob
324 1551 410 1598 hoc
432 1550 508 1596 nisi
534 1550 685 1597 mundi
704 1550 899 1613 partibus
918 1548 1051 1595 motis
1073 1585 1085 1605 ‚
1110 1548 1183 1594 nisi
1206 1549 1375 1595 coelum
1398 1550 1464 1595 in-

186 1624 409 1677 tonuerit,
439 1622 514 1669 nifi
535 1634 646 1670 terra
666 1622 927 1677 subsederit,
961 1621 1100 1684 perire
1122 1638 1209 1667 non
1231 1623 1466 1684 possumus.

184 1694 418 1760 Unguiculi
436 1711 518 1741 nos
531 1732 545 1752 ‚
563 1709 606 1742 et
627 1712 680 1742 ne
698 1694 832 1741 totius
851 1694 1028 1757 quidem
1049 1695 1180 1741 dolor
1195 1728 1209 1749 ,
1229 1695 1300 1741 sed
1323 1695 1464 1759 aliqua

183 1786 208 1816 a
227 1770 356 1815 latere
384 1768 473 1816 eius
504 1767 674 1815 sciffura
704 1767 915 1815 conficit:
944 1779 986 1814 et
1012 1785 1095 1831 ego
1126 1768 1300 1814 timeam
1333 1782 1466 1817 terras

184 1852 444 1895 trementes,
474 1857 604 1899 quem
628 1839 804 1886 craffior
834 1839 964 1887 saliva
995 1840 1208 1888 suffocat?
1242 1843 1338 1906 Ego
1358 1842 1466 1889 exti-

185 1915 372 1961 mescam
407 1926 603 1961 emotum
640 1914 811 1960 sedibus
840 1912 923 1960 suis
955 1931 1099 1972 mare,
1132 1928 1174 1961 et
1210 1932 1262 1961 ne
1297 1914 1462 1972 aestus,

185 1987 353 2034 maiore
379 2005 509 2050 quam
544 1987 650 2033 solet
668 1986 817 2043 cursu,
850 1986 945 2049 plus
965 2003 1173 2050 aquarum
1199 1987 1369 2035 trahens
1394 1989 1464 2036 su-

182 2063 412 2123 perveniat
428 2080 444 2118 3,
475 2078 577 2108 cum
595 2061 804 2122 quosdam
826 2059 1150 2122 strangulaverit
1168 2060 1294 2122 potio
1311 2096 1324 2118 ,
1354 2062 1464 2110 male

181 2134 295 2196 lapsa
325 2151 402 2195 per
425 2133 581 2182 fauces.
620 2136 767 2195 Quam
799 2134 972 2180 stultum
996 2133 1081 2188 est,
1113 2150 1230 2179 mat-e
1250 2135 1462 2184 horrere:

180 2222 284 2253 cum
301 2205 427 2262 scias,
453 2204 667 2252 stillicidio
688 2207 829 2267 perire
848 2217 888 2251 te
910 2206 1066 2266 poffe?
1093 2207 1270 2253 Nullum
1290 2207 1350 2254 est
1369 2226 1459 2255 rna·

182 2276 246 2324 ius
279 2277 477 2323 solatium
516 2278 696 2335 mortis,
732 2295 860 2340 quam
889 2277 977 2340 ipsa
1009 2279 1260 2326 mortalitas.
1294 2282 1458 2329 nullum

182 2364 326 2398 autem
360 2351 560 2397 omnium
598 2350 777 2396 istorum
814 2368 924 2414 quae
966 2351 1230 2400 extrinsecus
1263 2366 1460 2414 terrent,

181 2438 311 2485 quam
334 2422 455 2489 quod
483 2422 813 2491 innumerabilia
837 2422 1028 2486 pericula
1055 2424 1099 2470 in
1124 2423 1220 2488 ipso
1240 2425 1331 2473 sinu
1351 2430 1456 2476 sunt.
