1730 2870
431 179 695 226 NATUR.
743 155 1042 239 Quia-ST.
1088 177 1204 223 ΜΒ.
1239 176 1269 221 1.
1395 175 1476 237 ,ες

212 288 364 350 Itaque
389 285 510 348 quod
544 285 588 330 in
625 284 716 331 aliis
746 284 875 330 efficit
902 283 1052 330 densus
1080 284 1176 340 aer,
1213 282 1256 328 in
1287 281 1351 327 his
1383 281 1483 328 facit

212 359 366 406 omnis.
398 358 505 404 Satis
530 358 645 404 enim
670 358 783 403 valet
813 357 1120 419 qualiscunque
1150 356 1202 402 ad
1221 354 1480 401 imbecillem

212 433 350 480 aci'em
379 433 703 494 repellendam:
727 433 858 495 longe
893 444 1034 478 autem
1064 432 1198 494 magis
1229 430 1367 478 visum
1396 446 1481 477 no-

211 505 343 551 strum
378 506 503 552 nobis
535 505 739 562 remittit,
770 504 846 566 qui
881 504 1057 550 craffior
1085 504 1175 560 est,
1204 516 1246 550 et
1281 500 1482 564 pervinci

209 594 301 623 non
333 579 497 641 potest,
527 578 598 624 sed
628 577 772 624 radios
798 576 1013 622 luminum
1048 575 1298 622 nostrorum
1327 589 1478 619 mora-

209 663 306 706 tur,
335 661 379 696 et
406 667 461 697 eo
480 650 596 698 unde
623 649 825 705 exierint,
849 647 1044 694 refleffit.
1077 649 1194 710 Ergo
1224 663 1324 693 cum
1347 646 1478 691 multa

210 720 422 767 stillicidia
449 720 527 767 sint
543 757 554 778 ,
584 721 766 767 totidem
791 719 960 782 specula
985 718 1089 765 sunt.
1115 719 1198 766 Sed
1222 718 1320 781 quia
1343 734 1480 779 parva

206 792 336 850 sunt,
370 794 468 840 solis
503 794 696 840 colorem
728 791 814 838 fine
841 792 976 854 figura
1006 791 1268 857 exprimunt..
1302 789 1477 836 Deinde

205 881 306 912 cum
327 864 369 910 in
389 864 610 912 stillicidiis
639 864 1020 911 innumerabilibus
1037 899 1051 921 ,
1076 877 1118 911 et
1135 865 1222 911 li'ne
1246 863 1478 910 intervallo

206 936 484 994 cadentibus,
515 938 716 984 reddatur
738 937 853 984 idem
874 937 1030 992 color,
1062 937 1214 999 incipit
1243 935 1370 983 facies
1388 933 1475 982 effe

206 1024 295 1054 non
320 1009 551 1055 multarum
581 1009 818 1072 imaginum
849 1010 1213 1067 intermiffarum‚
1244 1009 1315 1055 sed
1346 1008 1474 1054 unius

181 1081 358 1143 'longae
377 1095 505 1141 atque
529 1082 771 1127 continuae.
796 1081 1068 1141 Quomodo,
1103 1080 1273 1144 inquis,
1301 1077 1473 1126 mmihi

205 1152 340 1196 multa
375 1151 505 1196 millia
531 1151 621 1197 istic
656 1151 892 1214 imaginum
923 1152 1006 1198 effe
1043 1152 1172 1208 dicis,
1210 1152 1282 1197 ubi
1311 1150 1472 1196 nullam

204 1221 372 1268 video?
393 1224 444 1269 Et
463 1239 595 1285 quare
618 1240 717 1270 curn
738 1222 835 1269 solis
859 1223 985 1270 color
1003 1240 1113 1270 unus
1132 1223 1180 1269 sit
1196 1259 1209 1281 ,
1231 1221 1471 1284 imaginum

203 1293 394 1339 diversus
414 1293 473 1339 est
491 1298 506 1339 ?
526 1297 586 1340 Ut
605 1306 646 1339 et
666 1294 745 1340 hac
766 1310 873 1356 quae
891 1295 1153 1356 proposuisti
1172 1331 1184 1352 ‚
1212 1294 1402 1340 reffellam
1424 1307 1469 1340 et

204 1366 284 1411 alia
322 1383 431 1430 quae
467 1383 556 1412 non
592 1365 732 1413 minus
766 1366 998 1412 refellenda
1034 1367 1153 1425 sum,
1185 1367 1291 1413 illud
1326 1366 1470 1413 dicam

201 1451 411 1500 oportet:
438 1439 543 1485 nihil
576 1438 666 1486 acie
696 1438 840 1485 nostra
870 1439 1086 1494 fallacius,
1112 1457 1202 1486 non
1228 1451 1392 1487 tantum
1425 1440 1471 1483 'n

201 1509 266 1556 his
286 1526 308 1554 a
330 1510 484 1573 quibus
503 1509 714 1556 subtiliter
733 1510 1013 1572 pervidendis
1031 1511 1148 1557 illam
1177 1512 1379 1558 colorum
1400 1509 1471 1557 di-

202 1581 375 1627 versitas
395 1580 669 1634 summovet,
696 1581 767 1626 sed
796 1592 838 1626 et
864 1581 909 1626 in
941 1580 1005 1627 his
1036 1598 1243 1645 quoque,
1271 1598 1382 1643 quae
1411 1581 1467 1628 ad·

202 1669 378 1698 manum
414 1652 559 1699 cernit.
596 1654 756 1699 Remus
782 1651 947 1716 integer
975 1653 1021 1701 in
1052 1655 1171 1701 tenui
1206 1672 1316 1718 aqua
1344 1653 1467 1701 fraffi

199 1723 386 1786 speciem
405 1723 554 1770 reddit.
574 1725 708 1769 Poma
729 1741 807 1786 per
825 1724 987 1771 vitrum
1005 1726 1339 1788 adspicientibus
1357 1726 1466 1773 mul-

199 1808 248 1843 to
266 1796 430 1842 maiora
453 1795 558 1841 sunt.
577 1796 890 1843 Columnarum
910 1796 1136 1846 intervalla
1156 1801 1348 1861 porticus
1366 1801 1466 1846 Ion-

199 1870 344 1934 giores
379 1868 574 1931 iungunt.
612 1869 681 1913 Ad
713 1868 852 1930 ipsum
889 1870 1023 1917 solem
1058 1885 1312 1921 revertere:
1349 1875 1464 1921 hunc

200 1959 331 2005 quem
361 1953 461 1987 toto
496 1940 604 1986 orbe
638 1955 850 1987 terrarum
888 1944 1098 1990 maiorem
1133 1947 1290 2008 probat
1319 1947 1431 1994 ratio
1459 1980 1477 2006 ,

200 2014 311 2060 acies
331 2011 472 2058 nostra
501 2010 556 2058 fic
579 2013 816 2070 contraxit,
848 2026 895 2059 ut
919 2015 1124 2076 sapientes
1148 2017 1233 2064 viri
1263 2019 1463 2080 pedalem

201 2084 286 2132 effe
304 2083 614 2131 contenderint.
643 2084 789 2143 Quem
816 2085 1135 2133 velocissimum
1155 2089 1351 2135 omnium
1377 2090 1464 2139 effe

200 2157 354 2205 scimus
368 2190 382 2213 ,
407 2171 536 2201 nemo
557 2155 750 2201 nostrum
768 2156 889 2203 videt
906 2159 1109 2206 moveri:
1138 2176 1219 2206 nec
1236 2160 1297 2207 ire
1313 2162 1471 2209 crede*

199 2244 370 2283 remus,
401 2224 476 2270 nifi
503 2239 725 2288 appareret
760 2227 848 2273 iffe.
869 2229 1083 2275 Mundum
1116 2229 1254 2292 ipsum
1291 2232 1459 2294 praeci-

203 2301 282 2365 piti
316 2297 546 2347 velocitate
571 2298 780 2346 labentem
801 2332 815 2354 ‚
846 2316 888 2346 et
912 2313 1033 2348 ortus
1063 2303 1322 2368 occasusque
1351 2306 1460 2354 intra

199 2384 473 2420 momentum
501 2372 712 2432 temporis
741 2374 1042 2421 revolventem
1059 2409 1073 2432 ‚
1104 2392 1236 2423 nemo
1264 2378 1461 2426 nostrum

203 2446 329 2495 sentit
350 2444 598 2508 procedere.
622 2444 743 2504 Quid
765 2460 875 2508 ergo
898 2446 1090 2503 miraris,
1121 2446 1149 2492 fi
1178 2449 1297 2496 oculi
1324 2450 1459 2500 nostri
