1730 2870
460 128 1093 185 ‘EPISTOLAE
1354 151 1443 198 139

165 248 272 279 mus.
300 234 446 292 Quam
469 231 601 277 multa
626 245 768 279 autem
792 251 992 296 paramus
1006 271 1028 295 ,γ
1052 234 1152 297 quia
1172 234 1241 282 alii
1262 253 1450 300 parave-

164 305 299 351 runt?
322 303 422 366 quia
447 303 562 366 apud
585 304 812 368 plerosque
836 305 965 353 sunt?
1000 310 1113 354 Inter
1135 308 1277 355 causas
1304 311 1448 357 malo-

165 394 259 424 rum
279 376 527 422 nostrorum
557 376 617 423 est
632 409 646 432 ‚
676 378 799 440 quod
824 379 1016 425 vivimus
1036 380 1089 425 ad
1110 380 1307 442 exempla
1328 398 1338 425 :
1369 397 1450 427 uec

164 449 334 496 ratione
358 450 702 512 componimur,
732 451 802 497 sed
832 452 1145 499 consuetudine
1175 453 1447 499 abducimur.

165 521 305 580 Quod
329 520 356 566 fi
389 522 517 583 pauci
540 522 756 578 facerent,
779 524 992 569 nollemus
1014 524 1175 570 imitari
1200 543 1209 570 :
1230 543 1328 572 cum
1357 527 1452 587 plu-

163 610 233 640 res
261 593 398 639 facere
433 606 701 656 coeperunt,
729 595 842 658 quasi
871 594 1090 642 honestius
1120 595 1193 653 fit,
1231 598 1330 659 quia
1361 595 1450 646 fre-

163 666 395 728 quentius,
432 667 679 728 sequimur:
702 681 744 713 et
773 667 875 713 recti
893 668 1012 729 'apud
1043 685 1122 714 nos
1155 669 1300 715 locum
1329 682 1448 716 tenet

165 753 312 792 error,
330 739 404 784 ubi
426 740 622 802 publicus
642 739 774 786 sachis
793 741 863 787 est.
885 744 1054 788 Omnes
1072 742 1156 788 iam
1176 743 1230 788 sic
1252 744 1448 805 peregri-

165 825 351 866 nantur,
388 824 434 856 ut
464 811 560 856 illos
593 812 880 857 Numidarum
922 826 1170 874 praecurrat
1203 814 1416 875 equitatus
1438 848 1452 872 ‚

112 899 119 907 ·
163 894 210 928 ut
229 899 382 945 agmen
408 884 635 930 cursorum
653 885 887 931 antecedat.
915 901 1042 947 turpe
1063 886 1123 932 est
1138 923 1149 941 ‚
1177 887 1321 932 nullos
1342 886 1448 945 effe,

162 955 239 1017 qui
269 970 549 1002 occurrentes
575 948 644 1004 viia
680 957 908 1014 deficiant,
947 958 1019 1019 qui
1047 959 1273 1004 honestum
1300 959 1449 1006 homi-

162 1043 263 1071 nem
297 1027 447 1074 venire
473 1044 633 1090 magno
669 1029 851 1090 pulvere
881 1028 1122 1075 ostendant.
1164 1032 1334 1078 Omnes
1362 1031 1447 1077 iam

162 1098 304 1145 mulos
332 1099 518 1156 habent,
545 1101 618 1163 qui
649 1099 897 1164 crystallina
927 1115 971 1147 et
1001 1101 1250 1160 murrhina,
1273 1118 1324 1150 ·et
1347 1121 1446 1151 cae-

161 1171 242 1217 lata
268 1188 528 1234 magnorum
560 1172 775 1219 artificum
804 1190 959 1230 manu,
979 1186 1167 1235 portent.
1195 1190 1322 1238 turpe
1354 1176 1412 1222 est
1431 1208 1446 1232 ‚

162 1244 339 1302 videri,
372 1262 442 1292 eas
471 1259 513 1293 te
544 1246 703 1291 habere
736 1246 917 1292 sarcinas
939 1282 952 1302 ‚
991 1263 1102 1307 quae
1139 1259 1233 1293 tuto
1268 1248 1448 1295 concuti

161 1317 331 1379 polliut.
362 1320 576 1364 Omnium
599 1318 867 1380 paedagogia
899 1318 1033 1363 oblita
1062 1318 1171 1365 facie
1199 1322 1448 1379 vehuntur,

162 1407 218 1435 ne
251 1389 343 1444 sol,
374 1408 427 1436 ne
453 1390 591 1453 frigus
621 1403 812 1436 teneram
842 1403 985 1436 cutem
1024 1391 1173 1437 laedat.
1209 1404 1333 1453 turpe
1353 1392 1413 1438 est
1433 1427 1449 1451 ,

161 1464 382 1511 neminem
409 1465 552 1511 essein
579 1464 790 1511 comitatu
819 1481 1057 1526 puerorum
1078 1501 1090 1523 ‚
1117 1466 1241 1512 cuius
1266 1466 1363 1513 sana
1384 1466 1449 1513 fa-

162 1537 249 1585 cies
280 1537 645 1585 medicamentum
671 1537 891 1584 defideret.
923 1539 1096 1584 Horum
1126 1540 1330 1585 omnium
1359 1541 1448 1586 ser-

162 1625 240 1655 mo
265 1609 468 1657 vitandus
490 1610 562 1656 est.
590 1611 633 1656 hi
662 1610 758 1657 sunt
777 1642 791 1663 ‚
827 1610 901 1672 qui
923 1610 1028 1656 vitia
1057 1612 1257 1669 tradunt,
1288 1627 1330 1659 et
1359 1612 1447 1659 alio

161 1681 336 1729 aliunde
367 1681 640 1728 transferunt.
678 1681 909 1726 Pessimum
948 1697 1082 1742 genus
1114 1680 1345 1728 hominum
1375 1682 1448 1729 vi·

162 1754 368 1810 debatur,
401 1755 475 1816 qui
497 1755 632 1801 verba
653 1753 863 1818 gestarent
886 1771 896 1799 :
919 1753 1015 1799 sunt
1034 1752 1213 1816 quidam
1238 1755 1312 1817 qui
1338 1756 1448 1803 vitia

161 1826 337 1890 gestant.
375 1828 548 1872 Horum
581 1826 724 1873 sermo
758 1826 941 1874 multum
975 1837 1117 1873 nocet.
1148 1843 1248 1871 nam
1281 1827 1448 1876 etiamst

163 1918 252 1946 non
278 1900 414 1946 statim
438 1900 602 1947 officit:
624 1900 786 1946 semina
815 1900 858 1946 in
878 1900 1027 1945 animo
1048 1900 1281 1963 relinquit,
1303 1901 1447 1965 sequi-

162 1988 320 2038 turque
353 1990 434 2021 nos
458 1973 585 2020 etiam
615 1992 712 2020 cum
744 1973 900 2024 abillis
930 1973 1271 2032 discesserimus,
1305 1976 1447 2022 resur-

164 2047 382 2092 recturum
403 2047 548 2108 postea
576 2048 749 2093 malum.
781 2047 1170 2107 Quemadmodum
1204 2048 1277 2111 qui
1298 2049 1446 2095 audie-

162 2135 263 2166 runt
296 2120 605 2184 symphoniam
625 2157 637 2178 ,
668 2121 813 2167 ferunt
843 2121 984 2167 secum
1010 2121 1053 2166 in
1085 2122 1258 2167 auribus
1282 2123 1445 2168 modu-

161 2191 369 2238 lationem
396 2193 509 2240 illam
535 2212 584 2242 ac
615 2195 892 2242 dulcedinem
923 2207 1072 2241 cantus
1092 2232 1103 2250 ‚
1136 2212 1247 2257 quae
1279 2195 1445 2257 regita-

161 2265 303 2311 tioncs
328 2264 532 2324 impedit,
562 2284 642 2315 nec
666 2268 716 2313 ad
739 2266 840 2314 seria
866 2269 1027 2330 patitur
1052 2268 1243 2315 intendi:
1270 2269 1323 2315 sic
1346 2270 1447 2316 aclu-

160 2338 377 2392 latorum,
401 2354 444 2385 et
464 2358 597 2402 prava
625 2343 889 2389 laudantium
915 2342 1084 2397 sermo,
1115 2341 1273 2388 diutius
1301 2344 1444 2388 haeret

157 2428 290 2474 quam
312 2412 513 2463 auditur:
536 2432 617 2465 nec
641 2415 766 2466 facile
786 2417 845 2465 est
861 2450 874 2474 ,
918 2417 1066 2465 animo
1087 2418 1258 2467 dulcem
1287 2419 1440 2469 sonum
