1730 2870
482 159 1077 207 EPISTOLAE.
1333 174 1414 223 131

140 272 279 321 stare:
311 271 454 334 itaque
478 269 629 327 sentit,
652 269 757 332 quid
781 268 855 322 sit,
887 286 978 332 quo
1007 268 1143 315 secari
1174 285 1305 323 caro,
1329 287 1424 332 quo

141 348 233 403 uri,
264 361 354 409 quo
382 344 524 390 obteri
556 343 698 405 poffit.
732 345 859 403 Quae
891 343 987 389 sunt
1025 343 1226 388 animalia
1261 359 1426 390 armata

142 419 196 466 ad
227 418 505 475 nocendum,
545 418 705 463 horum
736 417 922 479 speciem
960 417 1090 464 trahit
1121 417 1347 462 inimicam
1383 431 1427 464 et

142 490 357 537 hostilem.
393 492 507 535 Inter
539 490 582 536 se
613 489 688 534 ista
715 490 944 535 coniunfflt
981 489 1093 534 sunt.
1137 489 1273 533 Simul
1307 490 1425 535 enim

145 563 403 610 conciliatur
432 562 552 609 saluti
583 562 677 609 suae
702 562 928 624 quidque:
950 574 993 606 et
1014 578 1123 623 quae
1149 563 1324 617 iuvant,
1356 562 1429 609 illa

146 636 287 699 petit;
317 635 480 682 laesura
509 636 729 683 formidat.
781 634 1011 680 Naturales
1039 651 1061 678 a
1096 636 1326 681 contrariis
1360 634 1428 680 as-

144 710 424 772 pernationes
452 710 560 756 sunt.
584 708 671 755 fine
696 707 778 754 ulla
806 708 1104 770 cogitatione,
1136 707 1221 753 sine
1246 708 1430 754 consilio

143 781 218 839 fit,
250 783 467 847 quidquid
501 794 650 828 natura
686 780 909 843 praecipit.
935 780 1039 825 Non
1077 780 1227 837 vides,
1266 795 1432 843 quanta

145 855 352 902 subtilitas
390 855 438 900 fit
470 854 625 917 apibus
663 853 716 899 ad
746 851 949 914 fingenda
980 852 1243 899 domicilia?
1272 868 1432 916 quanta

148 926 324 974 dividui
344 927 507 973 laboris
527 924 720 972 obeundi
741 923 1007 970 concordia?
1030 925 1135 969 Non
1157 924 1280 971 vides
1298 942 1433 987 quam

148 999 253 1045 nulli
291 999 545 1046 mortalium
577 997 798 1044 imitabilis
832 995 881 1043 fit
910 996 978 1043 illa
1014 1013 1193 1043 araneae
1225 998 1433 1043 textura?

149 1073 301 1137 quanti
328 1072 475 1136 operis
505 1072 579 1127 sit,
604 1071 673 1118 fila
702 1070 971 1133 disponere?
996 1071 1074 1115 alia
1096 1071 1136 1115 in
1163 1073 1325 1116 rectum
1347 1071 1436 1117 im·-

147 1145 271 1192 miffa
297 1145 560 1192 firmamenti
591 1146 723 1200 loc0,
753 1146 832 1190 alia
864 1145 908 1190 in
943 1145 1100 1190 orbem
1132 1146 1353 1190 currentia
1381 1161 1436 1192 ex

148 1218 286 1267 denso
311 1235 433 1273 rara,
463 1234 575 1281 quae
601 1219 773 1264 minora
801 1217 1023 1270 animalia,
1052 1217 1097 1262 in
1117 1233 1307 1278 quorum
1335 1235 1435 1280 per-

147 1291 311 1341 niciem
336 1291 405 1337 illa
436 1292 699 1350 tenduntur,
723 1291 845 1337 velut
869 1290 1032 1336 retibus
1061 1290 1282 1352 implicata
1309 1298 1434 1336 tene<-

147 1380 238 1413 ant.
274 1365 476 1412 Nascitur
507 1381 575 1411 ars
605 1364 707 1420 ista,
736 1380 825 1410 non
855 1363 1044 1410 discitur.
1083 1366 1233 1426 ltaque
1269 1364 1436 1409 nullum

146 1439 211 1487 est
233 1438 393 1486 animal
427 1439 564 1485 altero
598 1439 783 1486 doctius.
821 1438 994 1485 videbis
1024 1454 1278 1483 aranearum
1312 1454 1438 1499 pares

150 1514 281 1570 telas,
304 1530 380 1576 par
399 1514 443 1558 in
463 1512 578 1560 favis
605 1513 865 1576 angulorum
897 1512 1097 1558 omnium
1126 1512 1338 1558 foramen.
1368 1513 1440 1558 In·-

152 1602 320 1634 certum
347 1585 407 1632 est
430 1599 472 1632 et
500 1586 748 1648 inaequale,
769 1585 987 1647 quidquid
1015 1601 1082 1630 ars
1103 1584 1232 1631 tradit
1252 1601 1263 1630 :
1285 1601 1338 1630 ex
1361 1601 1440 1631 ae-

152 1676 247 1724 quo
274 1660 427 1714 venit,
453 1659 576 1722 quod
605 1672 753 1704 natura
788 1657 1020 1704 distribuit.
1062 1659 1180 1704 Haec
1207 1658 1312 1703 nihil
1344 1675 1442 1704 ma·-

153 1733 248 1796 gis,
279 1749 410 1795 quam
450 1731 627 1778 tutelam
663 1731 754 1785 sui,
783 1744 826 1777 et
859 1732 949 1777 eius
984 1730 1186 1794 peritiam
1226 1730 1404 1777 tradidit
1425 1747 1440 1777 ι

153 1806 344 1868 ideoque
372 1804 501 1852 etiam
533 1804 660 1850 simul
683 1804 920 1867 incipiunt,
949 1816 992 1850 et
1019 1804 1182 1852 discere
1205 1816 1247 1850 et
1275 1804 1442 1851 vivere.

155 1877 252 1923 Nec
275 1875 336 1923 est
366 1877 526 1923 mirum
543 1913 558 1932 ,
586 1894 688 1924 cum
714 1894 771 1924 eo
800 1876 913 1924 nasci
937 1877 1035 1934 illa,
1061 1876 1147 1923 fine
1171 1893 1262 1939 quo
1289 1876 1444 1924 frustra

155 1950 450 1998 nascerentur.
484 1949 677 1996 Primum
700 1949 786 1996 hoc
819 1948 1153 1996 instrumentum
1181 1950 1262 1996 illis
1289 1962 1445 1996 natura

157 2022 342 2069 contulit
368 2021 422 2067 ad
450 2023 797 2084 permanendum
829 2021 872 2067 in
907 2021 1224 2069 conciliatione
1257 2035 1300 2068 et
1330 2021 1445 2069 cari-

157 2109 245 2141 tate
274 2095 350 2141 sui.
396 2095 503 2140 Non
541 2107 743 2155 poterant
771 2096 886 2142 salva
912 2095 1024 2152 esse,
1057 2095 1101 2141 ni
1135 2095 1311 2142 vellent.
1347 2096 1446 2144 Nec

157 2169 246 2214 hoc
273 2185 350 2230 per
378 2167 420 2213 se
446 2167 731 2230 profuturum
759 2183 881 2216 erat:
911 2169 982 2216 sed
1012 2169 1099 2215 sine
1127 2170 1214 2215 hoc
1245 2169 1358 2216 nulla
1375 2184 1447 2217 res

156 2242 402 2305 profuisset.
422 2243 507 2289 Sed
535 2243 580 2288 in
612 2243 734 2290 nullo
762 2244 1063 2303 deprehendes
1086 2242 1315 2290 utilitatem
1351 2241 1411 2289 sui
1426 2277 1445 2301 ,

148 2334 203 2366 ne
233 2317 535 2379 negligentiam
564 2318 755 2381 quidem.
798 2315 965 2363 Tacitis
1009 2334 1190 2380 quoque
1213 2332 1256 2365 et
1282 2316 1452 2373 brutis,

150 2390 353 2453 quamvis
370 2391 414 2436 in
432 2402 575 2438 cetera
617 2403 841 2454 torpeant,
859 2390 912 2435 ad
931 2389 1172 2438 vivendum
1195 2389 1361 2437 solertia.
1375 2389 1450 2437 est.

148 2464 458 2528 Videbis-quae
472 2464 563 2513 aliis
579 2464 751 2513 inutilia
770 2465 896 2520 sunt,
933 2463 1008 2511 fibi
1030 2464 1118 2528 ipsa
1132 2479 1222 2510 non
1241 2462 1402 2510 deesse.

1148 2539 1166 2583 1
1199 2553 1225 2583 2
