1730 2870
342 132 606 180 NATUR.
652 132 954 193 QUAEST.
1002 133 1125 179 ΜΒ.
1173 135 1235 181 11.
1276 191 1283 197 ¹
1338 153 1423 199 191

155 238 299 301 perit,
328 252 471 287 totum
500 237 572 286 est.
604 240 692 285 A'e'r
712 252 853 285 autem
873 274 886 297 ,
917 252 962 284 ut
985 239 1280 297 dicebam‚'et
1308 244 1439 289 coelo

153 324 197 357 et
237 311 360 357 terris
397 310 614 357 cohaeret.
640 311 835 373 *Utrique
872 310 1039 357 innatus
1070 311 1142 357 est.
1176 310 1326 358 'Habet
1360 329 1437 357 au-

151 395 239 429 tem
269 383 475 429 unitatem
499 418 512 439 ‚
533 383 750 445 quidquid
768 383 947 430 alicuius
964 384 1026 431 rei
1056 384 1203 432 nativa
1240 401 1336 447 pars
1366 385 1441 434 est.

150 456 272 502 Nihil
297 455 416 501 enim
446 455 633 501 nascitur
664 456 751 502 fine
787 456 966 502 unitate.

225 533 283 576 V.
321 531 459 576 Terra
498 541 540 583 et
582 545 680 591 pars
714 528 773 575 est
810 530 991 589 mundi,
1027 541 1070 576 et
1103 530 1296 578 materia.
1335 532 1438 578 Pars

154 617 286 668 quare
317 604 398 659 fit,
433 619 523 650 non
555 618 663 666 puto
688 614 729 648 te
761 603 1125 667 interrogaturum
1147 639 1159 662 ,
1193 617 1265 650 aut
1300 621 1440 668 aeque

151 677 396 739 interroges
412 712 425 733 ‚
448 691 584 738 quare
603 675 774 721 coelum
797 691 894 736 pars
928 675 1002 722 fit:
1035 676 1135 739 quia
1169 676 1328 724 scilicet
1349 694 1440 723 non

155 749 293 811 magis
307 748 394 794 fine
416 748 525 805 hoc,
543 763 674 811 quam
696 746 782 793 fine
807 747 877 794 illa
901 747 1150 795 universum
1171 747 1257 794 effe
1281 749 1441 811 potest,

152 824 275 884 quod
310 839 412 869 cum
447 821 512 868 his
558 820 814 867 universum
848 820 937 874 est,
969 838 1023 867 ex
1053 822 1241 885 quibus,
1275 823 1316 868 id
1351 822 1440 877 est,

150 908 239 942 tam
270 913 325 942 ex
351 897 427 942 illo
448 928 463 950 ‚
489 911 619 957 quam
651 912 703 942 ex
723 894 798 940 ista
820 931 834 951 ‚
869 896 1073 941 alimenta
1107 896 1314 943 omnibus
1347 898 1444 943 ani-

151 970 332 1015 malibus
351 1004 363 1025 ‚
387 969 593 1014 omnibus
623 968 720 1014 satis
738 1003 750 1022 ,
780 968 985 1014 omnibus
1015 967 1143 1014 stellis'
1165 969 1439 1018 dividuntur.

150 1043 265 1087 Hinc
286 1042 498 1103 qudquid
530 1041 590 1087 est
617 1041 777 1087 virium
799 1041 972 1105 fingulis
990 1077 1004 1100 ‚
1032 1042 1134 1089 hinc
1159 1043 1236 1104 ipfi
1271 1046 1439 1091 mundo

151 1129 239 1161 tam
272 1114 404 1160 multa
439 1114 637 1174 poscenti
665 1113 1037 1159 subministratur:
1072 1114 1172 1160 hinc
1211 1116 1436 1177 profertur

154 1203 246 1248 quo
289 1186 573 1231 sustineantur
607 1197 672 1231 tot
719 1184 850 1230 fulera
872 1221 884 1242 ,
913 1197 1001 1231 tam
1045 1188 1310 1246 exercitata,
1350 1206 1438 1236 tam

151 1259 280 1303 avida
297 1293 308 1312 ,
338 1275 414 1319 per
440 1257 554 1302 diem
588 1257 873 1320 noilemque‚
903 1270 950 1302 ut
980 1258 1023 1302 in
1049 1275 1185 1320 opere
1211 1295 1222 1316 ,
1248 1261 1305 1306 ita
1324 1274 1366 1307 et
1394 1261 1441 1308 in

150 1332 283 1393 pastu.
311 1333 364 1377 Et
384 1332 584 1377 omnium
602 1330 779 1391 quidem
801 1347 945 1375 rerum
969 1342 1116 1375 natura
1136 1367 1150 1388 ,
1167 1347 1377 1394 quantum
1396 1335 1442 1381 in

151 1405 466 1450 nutrimentum
498 1403 560 1449 sui
591 1402 687 1448 satis
712 1402 784 1461 fit,
815 1402 1115 1465 apprehendit.
1152 1407 1344 1453 Mundus
1374 1401 1448 1454 au.

151 1492 239 1525 tem
268 1514 281 1533 ‚
318 1492 527 1540 quantum
573 1476 618 1522 in
670 1488 891 1522 aeternum
938 1476 1201 1525 defiderabat
1227 1514 1239 1535 ,
1277 1480 1445 1527 invasit.

156 1550 357 1596 Pusxllum
401 1551 478 1596 tibi
515 1550 763 1611 exemplum
800 1565 980 1612 maguae
1018 1550 1079 1595 rei
1115 1567 1290 1612 ponam.
1339 1557 1443 1601 Ova

155 1636 322 1670 tanturn
351 1625 702 1685 comple&untur
727 1623 955 1680 humoris,
997 1637 1207 1687 quantum
1237 1628 1290 1673 ad
1310 1627 1442 1676 effec-

153 1711 247 1743 tum
274 1697 469 1743 animalis
485 1696 640 1742 exituri
667 1695 764 1741 satis
793 1695 870 1743 est.

219 1774 295 1816 VI.
321 1772 408 1816 Ae'r
429 1771 663 1815 continuus
682 1782 821 1816 terrae
855 1769 945 1826 est,
971 1783 1012 1815 et
1033 1770 1089 1817 fic
1115 1774 1374 1836 aupofitus,
1393 1774 1442 1825 u't

153 1843 292 1890 ssat'zm
338 1843 399 1889 ibi
437 1841 606 1887 futurus
643 1840 722 1897 fit,
758 1843 874 1889 unde
908 1843 978 1889 illa
1007 1843 1201 1891 diiceffit
1243 1848 1344 1894 Pars
1379 1848 1441 1895 est

155 1917 290 1964 totius
321 1915 499 1961 mundi:
528 1915 598 1960 sed
629 1914 745 1959 idem
779 1931 924 1962 tamen
946 1951 958 1972 ‚
1001 1917 1217 1979 quidquid
1248 1932 1362 1966 terra
1394 1921 1440 1968 in

155 1989 409 2035 alimentum
437 1987 580 2042 mifit,
613 1986 798 2048 recipit.
836 2002 882 2034 ut
920 1988 1080 2035 scilicet
1114 1992 1326 2048 materia,
1350 2010 1441 2039 non

155 2076 254 2123 pars
273 2059 456 2123 intelligi
482 2060 647 2105 debeat.
678 2062 743 2104 Ex
768 2059 855 2106 hoc
880 2062 1026 2107 omnis
1055 2062 1342 2110 inconstantia
1366 2072 1442 2111 tu-

156 2133 404 2195 multusque
427 2131 499 2178 est.
534 2132 666 2178 Hunc
695 2131 873 2194 quidam
894 2149 949 2179 ex
974 2134 1224 2182 distantibus
1257 2139 1441 2200 corpus-

154 2206 290 2262 culis,
331 2217 379 2250 ut
408 2205 634 2267 pulverem
667 2203 866 2263 struunt,
916 2206 1243 2269 plurimumque
1275 2225 1298 2254 a
1330 2227 1443 2258 vero

153 2263 378 2326 recedunt
417 2281 651 2342 Nunquam
694 2279 810 2324 enim
847 2281 1039 2326 contexti
1076 2280 1164 2325 nifi
1184 2298 1262 2343 per
1299 2283 1442 2330 unita-

157 2361 244 2397 tem
261 2351 462 2412 corporis
481 2350 592 2397 nisus
609 2350 692 2407 est,
713 2367 812 2396 cum
845 2366 988 2413 partes
1024 2352 1269 2401 consentire
1294 2356 1380 2401 ad
1369 2374 1439 2402 m-

143 2422 397 2472 sstenfionem
427 2424 612 2471 debeant
634 2459 648 2482 ,
681 2436 724 2470 et
748 2423 960 2472 ‘conferre
988 2425 1113 2474 vires.
1148 2427 1238 2472 Ae'r
1272 2439 1442 2489 autem,
