1730 2870
510 172 1088 223 EPISTOLAE.
1373 186 1430 234 73

162 281 311 329 eadem
338 277 524 326 foeditas
542 278 791 341 occupabit.
819 277 898 325 Vis
930 277 1131 324 ciborum
1160 274 1435 338 voluptatem

161 351 477 401 contemnere?
512 351 677 397 exitum
711 349 864 413 speEia.
898 349 1091 396 Attalum
1123 346 1436 395 memini'cum

161 443 314 490 magna
338 425 624 472 admiratione
643 425 842 471 omnium
861 424 965 471 haec
984 424 1127 469 dicere
1149 438 1160 466 ε
1185 422 1282 468 Diu
1301 421 1437 480 mihi,

159 499 323 562 inquit,
347 497 592 561 imposuere
619 499 813 545 divitiae.
833 497 1079 559 stupebam,
1099 496 1175 542 ubi
1193 495 1355 558 aliquid
1381 509 1439 540 ex

159 571 241 618 illis
259 572 347 618 alio
378 588 506 635 atque
523 573 609 618 alio
627 573 728 617 loco
746 569 920 616 fulserat
940 588 950 615 ε
974 569 1265 615 existimabam
1287 567 1438 615 similia

160 644 242 690 effe
262 661 372 707 quae
391 645 585 703 laterent,
603 645 668 691 his
681 660 792 707 quae
812 642 1149 689 ostenderentur.
1166 642 1249 687 Sed
1262 641 1307 686 in
1325 657 1439 703 quo-

160 716 259 761 dam
281 730 494 778 apparatu
515 717 609 763 vidi
635 728 747 762 totas
768 732 876 777 opes
895 715 1038 768 urbis,
1065 714 1241 760 caelatas
1256 728 1309 758 ex
1329 728 1440 759 auro

159 800 202 834 et
218 801 398 852 argento
414 825 426 844 ,
455 804 498 836 et
521 789 586 835 his
611 805 721 851 quae
751 787 940 850 pretium
975 787 1067 833 auri
1095 784 1345 849 argentique
1365 784 1438 830 vi-

159 875 343 917 cerunt,
362 860 593 924 exquilitos
622 861 820 918 colores,
847 873 891 906 et
920 861 1059 906 vestes
1087 859 1197 905 ultra
1227 874 1316 903 non
1340 871 1440 903 tan-

160 944 252 979 tum
273 933 491 989 nostrum,
509 935 580 980 sed
597 934 708 979 ultra
728 931 862 979 finem
882 932 1069 978 hostium
1091 931 1300 977 advefitas.
1322 930 1438 975 Hinc

160 1024 398 1069 puerorum
421 1009 673 1072 perspicuos
690 1008 805 1054 cultu
823 1019 952 1070 atque
977 1006 1120 1053 forma
1137 1022 1308 1069 greges,
1334 1004 1437 1050 hinc

160 1081 418 1128 feminarum
430 1118 441 1139 ,
461 1096 503 1128 et
520 1083 600 1128 alia
617 1097 731 1145 quae
747 1097 814 1128 res
832 1081 924 1127 suas
940 1079 1259 1142 recognoscens
1280 1076 1435 1124 summi

159 1152 333 1214 imperii
363 1153 537 1200 fortuna
558 1153 812 1216 protulerat.
843 1152 963 1212 Quid
990 1152 1077 1198 hoc
1107 1149 1195 1208 est,
1222 1150 1401 1211 inquam
1422 1183 1438 1205 ,

160 1225 276 1270 aliud
294 1242 425 1288 quam
448 1227 618 1274 irritare
638 1225 896 1288 cupiditates
914 1225 1146 1271 hominum
1172 1239 1248 1285 per
1269 1222 1310 1269 fe
1329 1222 1439 1268 inci-

161 1299 297 1344 tatas?
317 1299 441 1358 Quid
460 1298 536 1344 fibi
556 1299 646 1345 vult
665 1298 740 1344 ista
758 1299 968 1361 pecuniae
988 1297 1178 1361 pompa?
1199 1297 1253 1342 ad
1270 1296 1439 1342 discen-

157 1371 256 1416 dam
291 1371 518 1417 avaritiam
555 1372 858 1419 convenimus.
901 1375 958 1418 At
995 1370 1262 1417 mehercules
1296 1369 1440 1415 minus

158 1443 406 1504 cupiditatis
430 1443 556 1491 istinc
583 1443 722 1491 effero
738 1480 753 1500 ,
778 1462 909 1507 quam
943 1443 1181 1490 attuleram.
1211 1441 1439 1488 Contemst

159 1514 354 1572 divitias,
372 1531 460 1561 non
479 1515 579 1578 quia
595 1515 906 1577 supervacuae,
926 1515 996 1562 sed
1016 1516 1117 1578 quia
1136 1514 1308 1577 pusillae
1326 1512 1438 1560 sunt,

157 1587 372 1634 'Vidistine
387 1624 401 1647 ,
423 1606 554 1652 quam
573 1588 683 1636 intra
704 1607 861 1653 paucas
880 1590 1008 1635 horas
1025 1590 1094 1635 ille
1114 1589 1230 1635 ordo
1245 1623 1259 1643 ,
1279 1604 1438 1650 quam-

158 1661 226 1707 vis
255 1662 392 1708 lentus
419 1661 754 1726 dispositusque,
791 1662 1036 1727 transierit?
1075 1662 1162 1708 hoc
1193 1673 1331 1708 totam
1366 1660 1437 1708 vi-

156 1745 243 1779 tam
261 1731 452 1779 nostram
469 1734 734 1796 occupabit,
761 1735 884 1798 quod
910 1747 1054 1781 totum
1076 1735 1191 1781 diem
1216 1750 1436 1796 occupare

158 1821 248 1850 non
268 1806 445 1867 potuit?
470 1806 655 1853 Acceffit
678 1807 783 1853 illud
803 1824 994 1871 quoque.
1021 1821 1108 1853 tam
1141 1807 1435 1870 supervacuae

158 1879 264 1925 mihi
287 1880 402 1927 vilae
421 1880 516 1928 sunt
542 1881 824 1940 habentibus,
843 1899 974 1945 quam
1002 1881 1174 1928 fuerant
1203 1882 1431 1943 speElanti-

158 1954 249 2000 bus.
279 1954 377 2002 Hoc
394 1954 540 2017 itaque
558 1955 636 2018 ipfi
667 1955 773 2001 mihi
799 1955 900 2001 dico
917 1990 931 2011 ,
962 1955 1136 2018 quoties
1161 1955 1243 2000 tale
1270 1955 1431 2018 aliquid

160 2026 482 2088 praestrinxerit
506 2028 662 2074 oculos
686 2044 836 2083 meos,
864 2029 1034 2091 quoties
1064 2027 1257 2073 occurrit
1276 2027 1435 2073 domus

160 2099 409 2161 splendida,
440 2101 602 2148 cohors
638 2102 749 2148 culta
774 2102 1027 2157 servorum,
1058 2100 1202 2147 leffica
1230 2099 1435 2146 formosiss

158 2172 359 2234 imposita
399 2175 626 2222 calonibus
661 2195 670 2219 :
705 2174 827 2236 Quid
866 2173 1066 2220 miraris?
1102 2173 1206 2235 quid
1244 2172 1432 2234 stupes?

158 2246 325 2307 Pompa
345 2244 416 2291 est.
446 2246 749 2295 Ostenduntur
772 2246 872 2293 istae
897 2263 988 2301 res,
1021 2262 1112 2291 non
1133 2245 1403 2309 possidentur
1423 2265 1436 2294 :

158 2330 200 2364 et
218 2319 325 2364 dum
356 2320 552 2381 placent,
576 2321 804 2368 transeunt.
834 2322 902 2367 Ad
933 2337 1054 2367 veras
1079 2320 1226 2382 potius
1246 2333 1288 2367 te
1321 2337 1434 2367 con-

158 2402 281 2437 verte
302 2390 472 2439 divitias
494 2411 504 2438 t
526 2393 638 2440 disce
669 2411 810 2456 parvo
839 2393 924 2441 effe
947 2406 1180 2440 contentus
1208 2411 1220 2440 ε
1249 2409 1292 2440 et
1317 2393 1434 2440 illam

158 2478 320 2511 vocem
340 2479 521 2529 magnus
541 2478 670 2530 atque
690 2465 908 2513 animosus
936 2467 1128 2514 exclama
1152 2482 1162 2510 ε
1186 2465 1434 2514 Habeamus
