1730 2870
246 121 339 168 260
479 121 529 167 L.
579 118 872 166 ANNAE1
925 103 1320 176 SENECAE,

242 227 414 285 tendit,
444 226 624 290 quando
657 224 806 271 omnia
840 224 1002 283 fidera,
1033 242 1144 289 quae
1178 242 1295 272 nunc
1323 226 1523 275 diversos

242 316 376 364 agunt
399 299 572 352 cursus,
597 298 644 343 in
670 298 892 343 Cancrum
921 298 1236 356 convenerint3
1264 299 1321 346 fic
1348 299 1425 345 sub
1445 316 1524 345 eo-

194 411 198 414 -
243 376 344 421 dem
377 372 515 436 pofita
543 371 758 434 vestigio,
789 384 836 417 ut
858 371 972 416 reeta
997 371 1111 418 linea
1139 374 1259 436 exire
1287 375 1377 436 per'
1395 373 1526 420 orbes

242 448 446 494 omnium
466 445 596 508 poffit
615 462 626 490 :
645 443 978 490 inundationem
1007 442 1221 503 futuram,
1250 463 1351 493 cum
1369 447 1524 492 eadem

245 520 431 566 fiderum
457 517 582 563 turba
610 517 653 562 in
674 517 998 578 Capricornum
1028 519 1299 566 convenerit.
1321 519 1413 565 Illic
1440 519 1526 564 sol-

244 593 405 639 stitium
425 623 440 646 ‚
466 591 538 636 hic
558 591 709 637 bruma
731 589 976 638 conficitur.
1011 583 1193 654 Magnae
1210 593 1429 652 potentiae
1447 592 1527 656 fig-

245 680 300 711 na
317 681 329 710 τ
348 663 528 726 quando
547 662 590 709 in
612 662 702 725 ipsa
722 663 964 709 mutatione
984 664 1085 708 anni
1110 679 1332 710 momenta
1348 666 1455 711 sunt.
1471 668 1525 711 Et

246 737 344 785 istas
364 754 450 800 ego
479 736 722 799 receperim
745 737 912 790 causas3
934 734 1105 799 (neque
1124 736 1241 782 enim
1267 753 1319 782 ex
1347 755 1436 784 uno
1465 739 1526 785 est

244 821 362 857 tanta
383 809 626 873 pernicies)
656 822 698 855 et
720 809 834 855 illam
856 825 966 872 quae
989 809 1033 854 in
1066 807 1412 872 conflagratione
1440 827 1526 857 no-

246 882 342 929 stris
367 884 540 945 placet,
573 883 657 929 huc
689 899 868 946 quoque
901 881 1245 928 transferendam
1280 895 1387 944 puto
1409 883 1528 930 :five

214 983 224 995 ε
246 955 392 1002 anima
409 955 471 1002 est
493 956 679 1002 mundus
693 991 706 1013 ,
736 956 827 1001 five
849 971 1009 1017 corpus
1027 972 1038 1001 ε
1067 970 1221 1001 natura
1238 956 1528 1018 gubernante,

247 1042 296 1077 ut
321 1028 499 1075 arbores
514 1065 536 1087 „
562 1044 612 1075 ut
631 1029 744 1087 sata,
778 1030 832 1075 ab
851 1029 978 1076 initio
1007 1029 1099 1076 eius
1116 1029 1251 1092 usque
1281 1031 1334 1076 ad
1363 1030 1529 1077 exitum

247 1103 468 1168 quidquid
487 1102 630 1166 faeere
643 1138 656 1160 ‚
671 1103 890 1166 quidquid
910 1102 997 1165 pati
1017 1101 1193 1158 debeat,
1212 1103 1423 1150 inclusum
1441 1103 1527 1151 est:

250 1191 300 1224 ut
315 1177 360 1223 in
384 1176 544 1222 semine
561 1175 706 1222 omnis
724 1175 860 1222 futuri
879 1176 990 1222 ratio
1008 1175 1198 1223 hominis
1217 1176 1532 1238 comprehensa

250 1249 324 1297 est.
360 1252 413 1295 Et
442 1250 581 1312 legem
602 1249 760 1295 barbae
787 1260 830 1295 et
859 1265 1071 1295 canorum
1098 1249 1295 1294 nondum
1319 1260 1442 1296 natus
1460 1249 1531 1295 in-

251 1324 345 1370 fans
373 1323 513 1369 habet.
539 1318 673 1369 tdtius
689 1323 807 1369 enim
828 1321 1029 1385 corporis
1045 1357 1057 1379 ‚
1083 1332 1125 1367 et
1150 1320 1365 1384 sequentis
1383 1320 1532 1368 aetatis

253 1397 299 1444 in
316 1386 740 1460 parvo‘occultoque
757 1395 1016 1442 lineamenta
1036 1394 1144 1442 sunt.
1165 1396 1233 1443 Sic
1251 1396 1383 1460 origo
1400 1413 1532 1443 mun-

255 1469 326 1528 di,
359 1485 450 1515 non
475 1468 619 1514 minus
637 1467 774 1514 solem
794 1479 836 1514 et
860 1469 1008 1514 lunam
1022 1503 1036 1525 ,
1058 1484 1101 1514 et
1121 1468 1240 1515 vices
1255 1468 1468 1527 fiderum,
1490 1482 1535 1516 et

203 1537 207 1542 ’
254 1541 508 1589 animalium
528 1554 650 1586 ortus
668 1575 681 1598 ‚
714 1557 847 1604 quam
866 1541 1022 1605 quibus
1046 1553 1316 1588 mutarentur
1333 1552 1502 1588 terrena
1518 1577 1535 1601 ‚

255 1613 489 1662 continuit.
508 1616 556 1659 ln
576 1612 640 1659 his
656 1612 737 1659 fuit
753 1612 981 1673 inundatio
995 1648 1010 1672 ‚
1023 1630 1134 1677 quae
1154 1630 1246 1660 non
1262 1613 1384 1661 secus
1404 1630 1535 1678 quam

257 1689 423 1746 hiems,
456 1703 585 1750 quam
612 1686 743 1733 aestas
762 1723 776 1745 ,
807 1686 903 1750 lege
930 1686 1085 1734 mundi
1105 1687 1242 1734 venit.
1270 1689 1418 1751 Itaque
1443 1704 1537 1735 non

258 1760 411 1825 pluvia
444 1759 557 1806 istud
592 1758 687 1818 fiet,
722 1759 795 1807 sed
828 1759 976 1822 pluvia
1005 1776 1187 1824 quoque
1208 1778 1219 1807 t
1241 1776 1334 1806 non
1363 1760 1536 1808 incursu

260 1831 390 1882 maris
404 1868 418 1891 ,
437 1832 509 1879 sed
525 1831 655 1879 maris
673 1847 854 1895 quoque
871 1831 1043 1878 incursu
1064 1849 1076 1878 t
1107 1848 1198 1879 non
1217 1847 1357 1878 terrae
1379 1842 1505 1878 motu
1519 1862 1534 1887 ,

260 1907 334 1954 sed
351 1918 488 1970 terrae
507 1922 688 1970 quoque
705 1917 845 1952 motu.
859 1905 1025 1952 Omnia
1039 1904 1305 1953 adiuvabunt
1320 1915 1538 1964 naturam,

261 1993 310 2029 ut
339 1995 516 2029 naturae
544 1980 778 2028 constituta
811 1991 1081 2044 peragantur.
1120 1979 1358 2025 Maximam
1391 1989 1538 2025 tamen

262 2052 456 2111 causam,
487 2051 543 2099 ad
575 2051 617 2098 se
651 2051 975 2109 mundandam,
1001 2063 1115 2097 terra
1149 2050 1239 2113 ipsa
1270 2049 1536 2113 praestabit:

262 2141 396 2190 quam
422 2124 610 2172 diximus
631 2123 715 2171 effe
737 2124 988 2171 mutabilem
1006 2156 1020 2180 ‚
1040 2136 1082 2170 et
1100 2123 1210 2170 solvi
1227 2124 1271 2169 in
1291 2123 1537 2170 humorem.

263 2203 380 2264 'Ergo
403 2199 667 2264 quandoque
691 2198 772 2246 erit
795 2199 1011 2246 terminus
1031 2199 1161 2245 rebus
1178 2198 1377 2245 humanis
1392 2229 1407 2254 ,
1434 2213 1537 2243 cum

263 2284 406 2335 partes
427 2272 517 2319 eius
537 2272 715 2319 interire
741 2272 989 2327 debuerint,
1012 2271 1237 2318 abolerive
1253 2270 1444 2318 funditus
1461 2281 1537 2316 to-

262 2357 333 2392 tae
351 2380 365 2404 ,
390 2356 439 2392 ut
474 2345 528 2392 de
558 2344 728 2407 integro
757 2355 873 2390 totae
894 2377 907 2400 ‚
932 2343 1061 2388 rudes
1085 2341 1373 2405 innoxiaeque
1403 2354 1538 2402 gene-

264 2429 442 2465 rentur:
468 2433 550 2465 nec
571 2416 746 2480 superfit
771 2415 817 2463 in
840 2415 1058 2464 deteriora
1085 2414 1315 2479 magister:
1335 2411 1430 2476 plus
1455 2411 1536 2458 hu·
1589 2445 1596 2455 x
