1730 2870
344 104 603 151 NATUR.
649 105 947 164 QUAEST.
995 107 1224 154 Llss.11‘1.
1333 126 1418 173 253

155 209 312 257 dubius
331 227 384 256 an
403 210 446 255 in
467 210 582 255 idem
602 209 676 265 fit,
709 210 899 273 emergit.
921 212 1111 271 Quidam
1134 213 1278 260 fontes
1299 228 1423 262 certo

155 297 355 345 tempore
374 298 649 346 purgamenta
672 285 850 330 eieesant
865 303 875 330 ε
892 299 938 330 ut
960 287 1167 332 Arethusa
1196 287 1239 332 in
1263 288 1423 345 Sicilia,

156 358 304 418 quinta
328 373 496 419 quaque
515 356 670 402 aestate
694 374 770 418 per
787 359 1009 421 Olympia.
1036 360 1140 405 lnde
1159 360 1316 422 opinio
1336 361 1424 416 est,

157 430 382 491 Alphaeon
413 445 467 474 ex
498 429 659 474 Achaia
692 446 748 475 eo
777 431 908 493 usque
944 443 1168 492 penetrare
1186 468 1199 489 ‚
1228 446 1272 478 et
1298 450 1426 496 agere

155 502 231 548 sub
256 517 370 546 mare
395 500 565 546 cursum
582 537 595 559 ,
616 518 694 548 nec
722 514 818 548 ante
848 520 975 565 quam
1002 505 1045 548 in
1068 505 1338 567 Syracusano
1371 508 1424 552 li·

155 585 251 618 tore
283 588 518 634 emergere.
547 573 740 634 Ideoque
769 574 820 619 iis
845 575 995 620 diebus
1022 576 1182 637 quibus
1210 578 1425 641 Olympia

154 643 275 700 sunt,
304 644 578 690 vi&imart1m
614 644 768 691 stercus
796 645 986 691 secundo
1024 649 1226 693 traditum
1256 650 1426 697 flumini

153 715 241 762 illic
274 718 529 764 redundare.
578 717 678 761 Hoc
709 731 752 762 et
785 732 807 762 a
833 730 876 763 te
902 717 1106 763 traditum
1140 718 1199 763 est
1236 720 1278 764 in
1313 723 1425 783 poe'-

156 802 298 844 mate,
332 790 468 836 Lucili
490 789 721 845 cariffime,
755 805 797 837 et
822 807 846 836 a
867 791 1051 854 Virgilio
1083 791 1159 854 qui
1190 791 1426 855 alloquitur

158 863 411 909 Arethusam
433 881 443 909 :

223 971 290 1014 Sic
307 971 381 1015 tibi
397 989 485 1015 cum
493 971 652 1034 fluc‘Jus
661 970 802 1030 fitbter
816 973 942 1016 labere
964 972 1174 1029 Sicanos,

223 1043 362 1088 Doris
386 1062 529 1088 amara
547 1043 673 1103 fitam
703 1062 787 1088 non
818 1045 1086 1104 intermifieat
1111 1048 1282 1093 undam.

159 1148 230 1194 Est
265 1149 307 1193 in
334 1149 605 1196 Chersoneso
631 1150 906 1196 Rhodiorum
929 1150 1054 1206 fons,
1084 1151 1162 1214 qui
1192 1152 1290 1214 post
1309 1169 1427 1216 mag-

158 1239 261 1268 num
288 1225 562 1269 intervallum
586 1224 796 1285 temporis
811 1260 823 1280 ‚
846 1222 977 1270 foeda
997 1225 1209 1286 quaedam
1231 1227 1430 1272 turbidus

158 1311 210 1340 ex
239 1295 396 1341 intimo
427 1296 601 1353 fundat,
635 1297 777 1342 donec
809 1296 1007 1342 liberatus
1030 1297 1325 1360 eliquatusque
1356 1298 1433 1345 est.

157 1366 260 1412 Hoc
280 1365 530 1428 quibusdam
554 1367 661 1412 locis
685 1366 827 1413 fontes
853 1365 1044 1424 faciunt,
1075 1381 1122 1413 ut
1144 1384 1234 1415 non
1261 1382 1429 1415 tantum

158 1438 294 1483 lutum
312 1474 325 1493 ‚
347 1439 419 1485 sed
437 1430 564 1496 folia,
583 1439 791 1502 testasque
806 1474 819 1496 ‚
844 1454 887 1486 et
903 1440 1117 1503 quidquid
1136 1454 1264 1503 putre
1282 1440 1431 1497 iacuit,

160 1511 400 1569 expellant:
421 1512 582 1574 ubique
603 1525 744 1558 autem
766 1510 870 1558 facit
888 1529 1005 1559 mare
1025 1531 1036 1558 ε
1064 1513 1134 1559 cui
1153 1514 1259 1560 haec
1277 1528 1430 1560 natura

159 1583 249 1636 est,
278 1597 323 1630 ut
353 1599 486 1630 omne
512 1585 788 1630 immundum
820 1584 1199 1648 stercorosumque
1227 1585 1430 1633 litoribus

159 1656 388 1719 impingat.
412 1659 637 1717 Quaedam
658 1675 769 1705 vero
789 1671 931 1720 partes
958 1659 1086 1705 maris
1112 1659 1158 1704 id
1177 1658 1302 1705 certis
1320 1670 1431 1706 tem-

161 1733 341 1794 poribus
369 1731 532 1777 faciunt
554 1748 564 1777 :
594 1746 641 1777 ut
673 1731 787 1777 circa
812 1730 1048 1778 Messanam
1074 1745 1117 1778 et
1147 1732 1294 1795 Mylas
1320 1731 1429 1779 fimo

160 1803 367 1865 quiddam
385 1803 545 1858 simile,
576 1804 868 1850 turbulentum
889 1804 932 1849 in
962 1804 1064 1850 litus
1083 1820 1200 1851 mare
1233 1804 1428 1866 profert,

161 1875 389 1939 fervetque
407 1890 451 1924 et
470 1878 652 1934 aestuat,
680 1892 770 1922 non
792 1875 878 1922 {Ine
899 1876 1040 1922 odore
1059 1875 1209 1922 foedo.
1226 1878 1357 1923 Unde
1374 1877 1432 1923 il-

161 1947 217 1994 lic
236 1948 445 1994 stabulare
464 1949 574 1996 Solis
603 1948 767 2002 boves,
792 1947 935 1994 fabula
954 1946 1028 1994 est.
1059 1949 1144 1994 Sed
1164 1948 1348 1995 difficilis
1363 1965 1434 1995 ra-

163 2019 226 2065 tio
255 2020 315 2065 est
341 2021 647 2082 quorundam:
677 2021 827 2082 utique
854 2020 928 2066 ubi
953 2034 1126 2082 tempus
1147 2020 1236 2067 eius
1261 2020 1348 2077 rei,
1379 2021 1435 2068 de

163 2110 249 2154 qua
269 2093 510 2155 quaeritur,
529 2093 854 2141 inobservatum
883 2107 927 2140 et
950 2093 1164 2141 incertum
1184 2092 1256 2139 est.
1283 2097 1433 2157 ltaque

164 2167 362 2229 proxima
398 2168 577 2229 quidem
613 2168 800 2214 inveniri
823 2182 865 2214 et
889 2168 1033 2215 vicina
1057 2185 1147 2214 non
1168 2168 1309 2229 potest
1329 2186 1432 2216 cau-

163 2240 202 2286 sa
222 2274 236 2296 ‚
256 2252 447 2285 ceterum
471 2240 639 2301 publica
657 2239 716 2286 est
731 2240 812 2286 illa.
831 2241 989 2286 Omnis
1008 2257 1214 2302 aquarum
1233 2240 1432 2293 stantium

163 2312 487 2374 clausarumque
522 2326 672 2358 natura
698 2313 739 2358 se
766 2326 933 2375 purgat.
962 2314 1076 2358 Nam
1110 2312 1154 2357 in
1183 2312 1248 2359 his
1273 2312 1433 2375 quibus

165 2385 312 2431 cursus
330 2384 414 2444 est,
433 2401 521 2431 non
541 2384 715 2447 possunt
736 2384 841 2432 vitia
856 2383 1107 2442 consistere,
1120 2400 1232 2447 quae
1248 2384 1434 2434 secunda
