1730 2870
502 133 1086 180 EPISTOLAE.
1377 150 1433 199 95

151 242 225 289 est.
261 239 514 289 Parentibus
539 240 730 303 quippe,
763 257 843 286 nec
869 239 1013 286 minus
1037 237 1272 295 fratribus,
1306 257 1435 302 prae-

152 315 298 362 ferunt
334 329 476 376 parvo
517 329 616 359 aere
645 324 760 358 emta
786 313 980 359 monilia.
1023 312 1146 371 Quid
1184 328 1290 373 ergo
1322 314 1438 359 inter

152 404 236 434 nos
264 398 306 434 et
341 386 440 432 illos
475 384 651 432 interest
670 420 685 442 ,
718 397 767 431 ut
803 384 950 430 Aristo
981 383 1068 440 ait,
1093 384 1169 429 nisi
1203 385 1326 446 quod
1356 402 1438 432 nos

153 455 268 509 circa
290 461 456 507 tabulas
484 472 525 505 et
547 459 703 506 statuas
730 459 986 516 insanimus,
1014 458 1154 505 carius
1181 458 1316 521 inepti
1342 459 1359 506 ἓ
1384 459 1440 505 11-

152 534 222 581 los
250 533 413 595 reperti
432 532 477 578 in
506 532 634 578 litore
663 531 818 578 calculi
839 531 962 578 leves
979 566 991 585 ,
1020 543 1061 576 et
1089 530 1252 594 aliquid
1277 530 1442 578 haben-

153 620 216 654 tes
242 605 463 654 varietatis
478 641 491 662 ‚
519 604 759 658 delcetann
783 619 865 650 nos
890 603 1132 666 ingentium
1156 605 1345 651 maculae
1366 623 1445 652 co-

154 681 404 727 lumnarum
428 697 439 726 :
469 680 559 725 five
582 695 634 724 ex
659 677 895 741 Aegyptiis
927 676 1089 733 arenis,
1121 676 1212 722 five
1243 695 1297 724 ex
1325 678 1445 724 Afri-

155 768 232 798 cae
270 750 573 798 solitudinibus
609 749 845 804 adveetae,
883 749 1106 809 porticum
1150 750 1338 811 aliquam
1373 752 1445 799 vel

156 841 363 887 capacem
389 823 543 886 populi
572 821 882 870 coenationem
910 821 1074 870 ferunt.
1111 822 1328 869 Miramur
1361 841 1444 886 pa-

156 898 287 944 rietes
314 896 433 943 tenui
467 911 690 941 marmore
721 895 926 940 industos
951 912 962 940 ε
994 912 1094 941 cum
1124 895 1308 942 sciamus
1339 913 1448 960 qua-

156 971 196 1016 le
217 970 266 1017 fit
283 1006 297 1029 ,
323 970 446 1034 quod
469 968 779 1025 absconditur,
800 968 942 1014 oculis
971 969 1126 1015 nostris
1155 969 1447 1030 imponimus.

159 1047 213 1090 Et
241 1061 342 1090 cum
377 1060 486 1089 auro
520 1043 631 1089 testa
667 1040 998 1103 perfundimus,
1029 1042 1134 1103 quid
1168 1042 1285 1087 aliud
1312 1059 1445 1105 quam

158 1117 391 1166 mendacio
415 1116 687 1179 gaudemus?
712 1114 870 1161 scimus
890 1114 1006 1160 enim
1032 1114 1108 1159 sub
1125 1114 1203 1160 illo
1224 1131 1332 1160 auro
1354 1115 1447 1161 foe-

159 1192 214 1237 da
237 1191 350 1253 ligna
375 1189 556 1236 latitare.
588 1190 683 1236 Nec
713 1202 881 1235 tantum
907 1188 1143 1250 parietibus
1166 1200 1242 1234 aut
1266 1189 1447 1235 lacuna·-

158 1263 279 1309 ribus
294 1275 602 1308 ornamentum
623 1278 752 1308 tenue
770 1260 1063 1322 praetenditur
1082 1278 1092 1306 ε
1113 1261 1314 1306 omnium
1340 1261 1446 1308 isto-

160 1353 260 1382 rum
277 1352 390 1398 quos
410 1335 610 1381 incedere
630 1333 740 1380 altos
763 1333 905 1388 vides,
935 1333 1147 1379 brasteata
1172 1332 1352 1380 felicitas
1372 1334 1447 1382 est.

161 1407 357 1470 Inspice,
393 1419 437 1453 et
469 1405 606 1453 disces
637 1406 714 1452 sub
750 1405 826 1451 ista
859 1405 984 1452 tenui
1017 1407 1273 1451 membrana
1304 1408 1448 1470 digni-

161 1483 284 1540 tatis,
318 1496 531 1545 quantum
558 1481 661 1527 mali
694 1480 836 1528 lateat.
876 1482 998 1527 Haec
1022 1481 1111 1543 ipsa
1140 1498 1206 1528 res
1230 1494 1297 1529 tot
1319 1484 1452 1545 magi-

162 1553 335 1611 stratus,
363 1568 427 1600 tot
459 1553 625 1600 iudices
651 1553 843 1611 detinet,
872 1570 983 1617 quae
1011 1554 1281 1617 magistratus
1306 1569 1348 1602 et
1381 1557 1451 1601 iu-

163 1627 282 1674 dices
309 1626 444 1685 facit,
479 1627 699 1690 pecunia3
735 1643 846 1690 quae
881 1645 935 1674 ex
965 1644 1058 1690 quo
1087 1629 1133 1674 in
1164 1629 1337 1676 honore
1365 1629 1452 1676 effe

163 1703 336 1765 coepit,
360 1719 493 1749 verus
515 1719 664 1749 rerum
693 1703 840 1748 honor
868 1704 1061 1750 cecidit:
1094 1720 1453 1768 mercatoresque

164 1788 208 1823 et
237 1777 416 1824 venales
441 1777 633 1824 invicem
662 1776 764 1824 faffi
783 1812 796 1833 ,
823 1778 1073 1841 quaerimus
1091 1815 1105 1837 ,
1130 1796 1220 1825 non
1252 1779 1378 1842 quale
1402 1779 1451 1825 fit

164 1851 385 1914 quidque,
416 1851 489 1897 sed
517 1850 681 1913 quanti.
714 1852 783 1897 Ad
813 1853 1065 1899 mercedem
1097 1853 1160 1915 pii
1197 1854 1365 1911 sumus,
1397 1854 1454 1899 ad

162 1923 414 1970 mercedem
435 1922 575 1985 impii.
610 1922 831 1981 Honesta,
858 1924 1067 1987 quamdiu
1091 1924 1233 1987 aliqua
1259 1924 1340 1971 illis
1360 1924 1457 1985 spe-s

164 1992 302 2051 inest,
342 1993 563 2056 sequimur
593 2013 605 2041 ι
636 1995 682 2041 in
712 1997 981 2042 contrarium
1014 1995 1264 2053 transituri,
1293 1996 1322 2042 fi
1354 1997 1453 2058 plus

167 2066 324 2113 scelera
341 2067 613 2128 promittant.
635 2067 983 2116 Admirationem
1003 2068 1131 2116 nobis
1147 2080 1344 2130 parentes
1364 2067 1459 2115 auri

168 2141 423 2202 argentique
448 2139 651 2188 fecerunt
673 2159 684 2188 :
709 2155 752 2189 et
785 2143 942 2189 teneris
970 2142 1110 2189 infusa
1143 2143 1357 2205 cupiditas
1389 2143 1457 2188 al·-

167 2212 255 2258 tius
290 2211 421 2269 sedit,
453 2214 683 2276 crevitque
721 2213 965 2262 nobiscum.
1011 2215 1188 2261 Deinde
1220 2228 1340 2262 totus
1371 2232 1458 2275 po-

167 2286 294 2347 pulus
322 2285 367 2331 in
400 2286 480 2331 alia
505 2287 700 2344 discors,
731 2287 775 2333 in
807 2288 896 2335 hoc
933 2288 1176 2335 convenit:
1205 2289 1291 2335 hoc
1317 2287 1457 2349 suspi-

171 2359 325 2416 ciunt,
355 2360 443 2406 hoc
475 2359 558 2406 suis
588 2372 769 2422 optant,
809 2361 897 2407 hoc
932 2360 1014 2407 diis
1040 2361 1160 2408 velut
1191 2378 1338 2408 rerum
1371 2361 1455 2407 hu-

169 2449 398 2480 manarum
425 2434 700 2498 maximum,
724 2452 825 2484 cum
844 2436 954 2500 grati
970 2436 1114 2485 videri
1135 2437 1318 2496 volunt,
1343 2453 1455 2484 con-
