1730 2870
248 167 315 212 60
479 156 528 215 L.
588 162 890 215 A‘NNAEI
950 166 1303 218 SENECAE

244 274 430 320 debam:
455 292 535 322 nec
554 275 633 321 tibi
655 276 786 324 hodie
803 277 1111 325 affirmaverim
1126 296 1179 325 an
1200 279 1341 326 fuerit.
1373 281 1524 340 Quae-⁴

245 345 329 403 ris,
356 349 589 408 quomodo
614 349 842 396 desierim?
872 355 919 397 ln
946 352 1115 400 Tiberii
1146 354 1338 401 Caesaris
1358 355 1522 417 princi-

244 435 394 480 patum
424 420 628 467 iuventae
647 435 819 484 tempus
842 423 1084 472 inciderat:
1112 427 1443 491 alienigenarum
1462 427 1523 472 sa-

243 507 317 537 cra
342 494 639 540 movebantur
660 495 760 542 :sed
786 496 901 544 inter
928 512 1180 562 argumenta
1210 500 1525 563 superstitionis

241 566 488 625 ponebatur
522 570 800 629 quorundam
825 571 1072 618 animalium
1102 573 1368 621 abstinentia.
1401 575 1527 619 Patre

239 636 387 700 itaque
419 655 520 685 meo
548 653 732 703 rogante
751 677 765 698 ,
795 643 872 705 qui
898 660 990 690 non
1021 645 1282 692 calumniam
1308 647 1489 694 timebat
1506 682 1523 705 ,

241 709 312 756 sed
342 710 662 774 philosophiam
698 715 878 773 11derat,
909 717 960 762 ad
991 717 1210 778 pristinam
1241 718 1524 765 consuetudi-

241 798 340 826 nem
371 784 512 830 redii:
548 802 627 831 nec
655 805 679 830 o
706 786 883 833 fficulter
914 787 1046 847 mihi,
1080 802 1129 836 ut
1160 790 1401 852 inciperem
1429 806 1523 836 me-

237 855 318 902 lius
347 873 535 904 coenare
552 890 565 913 ‚
592 861 807 921 periuasit.
838 861 1032 907 Laudare
1059 861 1221 908 solebat
1247 862 1410 908 Attalus
1430 862 1524 908 cul-

238 931 551 995 citram,quae
572 934 783 981 resisteret
814 938 1024 999 corpori:
1059 939 1128 982 tali
1165 955 1270 984 mor
1295 937 1425 983 etiam
1456 935 1526 982 se-

240 1020 325 1049 nex
346 1039 360 1062 ,
388 1005 432 1051 in
452 1022 536 1069 qua
565 1006 793 1070 vestigium
815 1025 1019 1071 apparere
1038 1027 1128 1056 non
1157 1011 1299 1073 poffit.
1319 1011 1439 1056 Haec
1456 1026 1526 1056 re·-

238 1077 339 1132 tuli,
372 1089 419 1123 ut
442 1078 675 1140 probarem
703 1080 808 1138 tibi,
840 1097 970 1144 quam
997 1084 1280 1129 vehementes
1315 1082 1529 1129 haberent

238 1149 446 1196 tirunculi
474 1151 660 1214 impetus
680 1155 850 1216 primos
870 1156 923 1201 ad
947 1157 1112 1219 optima
1131 1174 1329 1218 quaeque
1347 1192 1360 1214 ‚
1378 1155 1408 1201 si
1429 1154 1527 1216 quis

240 1223 544 1272 exhortaretur
580 1225 703 1283 illos,
748 1226 778 1273 fi
819 1230 916 1291 quis
947 1228 1201 1291 impelleret.
1241 1229 1323 1273 Sed
1359 1226 1527 1288 aliquid

240 1296 602 1358 praecipientium
639 1300 756 1345 vitio
787 1316 1022 1361 peccatur,
1056 1299 1134 1362 qui
1164 1316 1245 1345 nos
1280 1299 1442 1344 docent
1465 1298 1529 1343 di-

242 1368 414 1425 sputare
430 1406 442 1426 ,
467 1387 558 1416 non
574 1372 728 1418 vivere
748 1389 761 1427 ;
780 1372 946 1435 aliquid
967 1372 1219 1419 discentium
1233 1408 1246 1428 ‚
1266 1371 1339 1434 qui
1361 1387 1529 1433 propo·-
1578 1404 1585 1417 ,

240 1441 365 1487 iitum
398 1441 587 1489 afferunt
619 1445 672 1489 ad
699 1459 1010 1506 praeceptores
1040 1445 1138 1490 suos
1158 1480 1170 1501 ‚
1204 1460 1294 1490 non
1329 1443 1528 1489 animum.

241 1516 504 1575 excolendi,
542 1517 613 1564 sed
645 1517 885 1582 ingenium.
918 1521 1068 1582 Itaque
1100 1536 1210 1582 quae
1248 1516 1528 1582 philosophia

243 1586 323 1633 fuit
341 1625 353 1643 ,
372 1588 483 1635 ferdia
502 1590 740 1655 philologia
762 1590 834 1638 est.
868 1592 1056 1638 Multum
1079 1605 1221 1638 autem
1241 1592 1293 1636 ad
1318 1607 1408 1636 rem
1430 1606 1529 1652 per-

243 1661 365 1718 finet,
380 1678 474 1723 quo
490 1663 723 1726 proposito
741 1665 794 1711 ad
812 1681 943 1727 quam
963 1682 1052 1710 rem
1073 1666 1262 1712 accedas.
1278 1663 1370 1724 Qui
1385 1678 1528 1727 gram·-

244 1735 426 1781 inaticus
453 1736 651 1797 futurus,
681 1738 915 1802 Virgilium
947 1737 1159 1786 scrutatur
1175 1774 1189 1797 ‚
1213 1755 1304 1785 non
1328 1737 1415 1784 hoc
1433 1735 1531 1783 ani‘¹

245 1825 321 1855 mo
350 1809 453 1873 legit
481 1811 589 1858 illud
623 1813 878 1876 egregium,

566 1938 692 1999 Fugit
719 1939 971 2007 irreparfzbile
1002 1954 1172 1999 tempus.

244 2051 529 2115 vigilandum
552 2053 612 2101 est
634 2073 644 2102 :
664 2053 741 2100 nis1
764 2071 1075 2117 properamus,
1110 2050 1414 2115 relinquimur.
1441 2049 1530 2114 agit

247 2142 356 2183 nos,
397 2127 624 2189 agiturque
654 2128 786 2174 velox
820 2128 941 2175 dies:
973 2126 1094 2173 inscii
1122 2124 1331 2188 rapimur.
1366 2124 1531 2170 Omnia

247 2200 291 2245 in
311 2200 505 2247 futurum
526 2200 817 2262 disponimus,
849 2214 893 2249 et
922 2202 1035 2249 inter
1068 2197 1443 2263 praecipitialenti
1463 2196 1531 2243 su·-

246 2289 356 2319 mus„
381 2273 463 2320 Sed
492 2285 538 2320 ut
567 2273 792 2330 observet,
822 2273 994 2338 quoties
1011 2270 1220 2336 Virgilius
1239 2270 1290 2316 de
1311 2268 1529 2317 celeritate

248 2357 500 2409 temporum
520 2346 624 2395 dicit
645 2379 660 2404 ,
686 2347 775 2395 hoc
796 2347 861 2395 uti
890 2347 1031 2396 verbo
1059 2346 1203 2405 illum,
1228 2344 1367 2407 Fugit.

316 2466 492 2528 Optima
522 2486 699 2530 quaeque
725 2470 811 2515 dies
838 2468 993 2530 mifiris
1029 2466 1273 2513 mortalibus
1304 2465 1398 2510 aevi
