1730 2870
582 67 1098 117 FRAGMENTA.
1393 83 1485 132 4¹5

203 176 340 224 snum.
367 191 482 240 quos
506 174 537 222 fi
568 174 713 221 audias
743 168 786 219 in
809 169 1036 218 avaritiam
1052 205 1066 227 ,
1098 169 1144 215 in
1162 166 1388 215 libidinem
1411 201 1425 224 ‚
1446 170 1493 216 in

203 249 492 295 ambitionem
514 260 795 310 perorantes,
810 242 1092 307 profeffionis
1107 242 1315 289 indicium
1338 254 1491 304 putes:

203 323 316 368 adeo
333 315 645 372 redundant‘in
663 319 778 381 ipsos
797 317 1022 364 malediCta
1043 316 1087 362 in
1114 315 1333 378 publicam
1358 315 1493 362 missa.

204 409 318 455 quos
351 408 442 438 non
473 392 596 438 aliter
615 391 774 438 intueri
801 390 960 447 decet,
986 405 1115 451 quam
1136 389 1354 447 medicos,
1374 403 1492 452 quo-

206 483 305 513 rum
318 465 437 513 tituli
452 465 644 513 remedia
663 465 821 513 habent
834 497 848 520 ‚
870 463 1058 528 pyxides
1076 478 1260 512 venena.

760 597 934 643 Ibidem.
985 627 990 629 -

276 729 593 793 Facietsapiens
607 766 620 787 ,
639 728 782 793 inquit
800 729 915 775 idem
929 728 1113 784 Seneca,
1133 725 1263 773 etiam
1279 741 1391 788 quae
1404 741 1496 772 non

208 802 443 865 probabit,
477 816 527 848 ut
562 801 695 849 etiam
723 803 776 849 ad
809 800 975 846 maiora
1008 798 1231 845 transitum
1264 797 1498 846 inveniat:

211 891 292 921 nec
311 875 527 937 relinquet
559 875 706 921 bonos
737 890 906 928 mores,
933 872 1005 918 sed
1030 869 1221 934 tempori
1250 869 1437 933 aptabit:
1457 882 1500 918 et

211 946 370 1010 quibus
388 946 457 992 alii
474 957 652 993 utuntur
670 947 714 992 in
742 944 927 1009 gloriam
944 977 958 999 ‚
994 959 1068 991 aut
1087 944 1382 1006 voluptatem,
1403 955 1496 990 ute-

211 1033 282 1067 tur
300 1021 491 1084 agendae
522 1020 587 1070 rei
622 1020 759 1068 causa.
788 1022 841 1067 Et
864 1019 996 1082 paulo
1026 1018 1150 1081 post:
1185 1018 1350 1064 Omnia
1384 1034 1496 1080 quae

212 1094 419 1140 luxuriosi
434 1093 620 1153 faciunt,
639 1110 840 1157 quaeque
859 1091 1075 1155 imperiti,
1102 1091 1232 1138 faciet
1249 1103 1291 1137 et
1305 1090 1470 1155 sapiens
1486 1126 1501 1152 ,

215 1166 287 1214 sed
309 1183 402 1215 non
418 1168 581 1216 eodem
600 1169 766 1227 modo,
787 1167 1036 1229 eodemque
1053 1165 1295 1228 proposito.

569 1299 669 1358 Cap.
698 1311 817 1346 XVI.
844 1298 1019 1357 eiusdem
1040 1297 1143 1342 ltbri.

280 1429 334 1474 Et
353 1427 514 1473 Seneca
535 1429 779 1475 :Nondum
812 1428 929 1485 sunt,
949 1426 1124 1489 inquit,
1153 1425 1272 1473 mille
1292 1426 1416 1484 anni,
1446 1445 1502 1476 ex

213 1517 310 1562 quo
343 1499 466 1546 initia
501 1499 735 1562 sapientiae
762 1514 866 1546 nota
903 1499 1012 1547 sunt.
1034 1499 1186 1548 Multis
1217 1516 1325 1563 ergo
1351 1499 1503 1550 seculis

214 1572 454 1619 humanum
477 1587 613 1635 genus
630 1571 718 1619 sine
734 1572 903 1620 ratione
922 1573 1049 1620 vixit.

713 1698 816 1758 Cap.
845 1711 1024 1744 XXIII.

282 1818 419 1867 Fuisse
451 1819 614 1869 Seneca
650 1819 764 1868 inter
791 1821 965 1869 Stoicos
986 1820 1045 1868 ait
1063 1856 1076 1880 ,
1105 1821 1180 1885 qui
1218 1821 1505 1884 deliberaret,

217 1907 421 1943 utrumne
445 1895 536 1942 Soli
557 1882 737 1960 quoqtie
750 1896 849 1945 suos
861 1897 1053 1961 populos
1071 1897 1191 1945 daret
1206 1914 1216 1945 :
1235 1897 1380 1963 inepte
1395 1900 1505 1949 scili-

216 1980 312 2025 cet,
331 1967 406 2032 qui
424 1967 703 2019 dubitaverit.

738 2096 838 2155 Cap.
862 2107 996 2143 XXV.

284 2226 509 2274 Platonem
530 2226 710 2291 quidem
727 2227 955 2275 redemisse
972 2225 1168 2274 Aniceris
1179 2225 1354 2289 quidam
1374 2224 1507 2272 tradi-

174 2303 178 2306 ’
220 2314 291 2346 tur
307 2299 505 2347 sestertiis
514 2314 620 2347 v111.
640 2302 790 2364 Itaque
805 2300 1032 2346 inseclatus
1045 2300 1105 2346 est
1119 2299 1334 2346 conviciis
1345 2297 1508 2345 redem—

223 2384 366 2421 torem
387 2378 552 2422 Seneca
566 2404 581 2429 ,
603 2374 726 2437 quod
754 2389 899 2437 parvo
917 2373 1142 2420 Platonem
1169 2370 1476 2418 aestimaverit.
