1730 2870
286 171 371 216 ¹44
541 157 589 203 L.
642 156 937 202 ANNAE}
990 157 1336 204 SENECAE

280 279 359 311 mo
388 262 604 326 pervenit.
647 263 877 310 Cacumen
902 264 1058 311 radicis
1088 265 1193 312 Ioco
1221 268 1362 329 ponis.
1393 266 1436 313 Si
1467 268 1565 330 quis

279 336 446 383 diceret
468 335 593 381 illum
618 333 664 380 in
690 334 889 380 materno
917 347 1042 381 utero
1069 336 1271 382 latentem
1298 338 1424 383 sexus
1450 355 1567 400 quo-

278 424 363 470 que
382 406 568 461 incerti,
590 419 790 451 tenerum
809 440 821 461 ‚
845 419 887 451 et
910 406 1214 467 impet-seclum
1246 421 1287 454 et
1307 407 1564 467 informem,

274 479 369 526 ‘iam
405 478 450 524 in
485 479 634 541 aliquo
663 477 787 524 bono
820 477 932 535 effe,
971 496 1118 541 aperte
1152 480 1373 527 videretur
1403 498 1561 528 errare.

279 551 416 613 Atqui
451 550 708 613 quantulum
736 549 914 596 interest
947 549 1059 596 inter
1091 568 1220 608 eum,
1259 553 1331 615 qui
1364 570 1564 599 cumma-

279 624 398 670 xime
428 623 567 670 vitam
598 622 784 685 accipit,
821 639 864 669 et
892 624 1012 668 illum
1042 624 1120 686 qui
1151 638 1447 672 maternorum
1474 626 1565 672 vis-

277 713 430 745 cerum
467 695 604 742 latens
636 711 747 742 onus
784 695 878 742 est?
917 698 1139 759 Uterque,
1172 707 1382 759 quantum
1413 699 1467 743 ad
1496 697 1566 744 in-

279 771 502 820 telleElum
530 769 638 816 boni
665 786 715 816 ac
741 769 874 826 mali,
904 786 1042 832 aeque
1067 783 1258 816 maturus
1276 770 1336 815 est
1358 788 1367 815 :
1391 785 1433 818 et
1464 788 1558 818 non

277 845 416 910 magis
433 844 576 891 infans
606 843 748 889 adhuc
764 842 872 888 boni
893 859 1027 905 capax
1053 843 1113 890 est
1127 879 1140 901 ,
1161 861 1289 907 quam
1310 844 1442 890 arbor
1459 881 1473 904 ,
1493 858 1565 893 aut

279 930 450 965 mutum
470 916 652 979 aliquod
681 915 853 962 animal.
886 917 1036 975 Quare
1066 931 1212 962 antem
1245 916 1414 962 bonum
1433 917 1476 962 in
1493 935 1564 964 ar-

277 990 391 1036 bore
409 987 673 1051 animalique
691 998 816 1032 muto
836 1002 927 1031 non
943 985 1028 1032 est?
1046 987 1147 1049 quia
1163 1003 1242 1033 nec
1260 986 1386 1033 ratio.
1405 987 1465 1034 ob
1478 989 1566 1036 hoc

283 1060 327 1107 in
355 1060 520 1106 infante
540 1074 719 1122 quoque
743 1074 833 1104 non
852 1057 912 1104 est
935 1076 946 1104 :
975 1075 1075 1104 nam
1094 1073 1136 1106 et
1153 1058 1254 1106 huic
1271 1060 1401 1107 deest.
1433 1061 1566 1109 Tunc

279 1134 334 1180 ad
363 1133 530 1179 bonum
562 1130 820 1194 perveniet,
843 1148 942 1177 cum
965 1131 1018 1176 ad
1048 1131 1263 1178 rationem
1298 1133 1565 1194 pervenerit.

276 1208 349 1255 Est
373 1208 549 1272 aliquod
574 1206 821 1253 irrationale
853 1207 1012 1252 animal
1034 1223 1044 1251 :
1077 1206 1139 1253 est
1165 1207 1342 1269 aliquod
1361 1209 1563 1255 nondum

277 1280 512 1328 rationale:
531 1278 592 1326 est
610 1279 840 1336 rationale,
859 1278 930 1325 secl
947 1279 1264 1341 imperfefilum.
1283 1281 1330 1325 In
1350 1279 1468 1325 nullo
1489 1280 1562 1326 ho-

278 1372 377 1401 rum
397 1355 592 1400 bonum:
615 1352 725 1398 ratio
747 1353 852 1398 illud
869 1352 1012 1398 secum
1029 1352 1164 1399 affert.
1188 1340 1309 1413 Quid
1327 1370 1432 1416 ergo
1448 1354 1562 1401 inter

278 1430 378 1485 ista,
396 1445 507 1492 quae
529 1428 684 1486 retuli,
707 1426 830 1473 distat
849 1430 865 1472 ?
888 1427 1122 1489 Nunquam
1144 1426 1225 1472 erit
1245 1426 1411 1472 bonum
1441 1428 1485 1472 in
1504 1427 1562 1473 eo

275 1504 400 1568 quod
417 1502 668 1549 irrationale
696 1502 781 1549 est:
816 1502 860 1548 in
889 1517 945 1547 eo
970 1501 1092 1564 quod
1123 1501 1322 1561 nondum
1349 1501 1562 1549 rationale

276 1574 364 1633 est,
386 1586 491 1621 tunc
510 1574 594 1621 effe
613 1574 779 1621 bonum
804 1591 895 1621 non
915 1574 1057 1636 potest
1087 1593 1096 1620 ε
1130 1573 1175 1620 in
1196 1573 1454 1637 imperfeclo
1474 1575 1561 1621 iam

273 1648 417 1711 potest
438 1646 524 1694 effe
541 1648 708 1694 bonum
725 1684 736 1702 ,
753 1647 825 1694 sed
845 1664 938 1693 non
958 1647 1030 1694 est.
1057 1649 1118 1693 lta
1136 1647 1238 1694 dico
1256 1683 1268 1703 ,
1288 1648 1449 1705 Lucili,
1476 1648 1562 1694 bo-

275 1740 382 1770 num
403 1739 495 1769 non
513 1722 556 1768 in
577 1722 776 1786 quolibet
801 1739 1006 1785 corpore,
1030 1739 1119 1768 non
1139 1723 1183 1768 in
1204 1722 1400 1785 qualibet
1423 1736 1562 1770 aetate

275 1795 530 1843 invenitur:
558 1809 601 1842 et
630 1809 800 1842 tantum
828 1795 946 1841 abest
976 1796 1030 1842 ab
1062 1794 1267 1852 infantia,
1294 1807 1504 1857 quantum
1537 1812 1562 1841 a

274 1869 425 1931 primo
458 1869 689 1922 ultimum3
725 1880 936 1931 quantum
963 1868 1017 1913 ab
1043 1867 1172 1914 initio
1197 1866 1449 1930 perfeClum.
1487 1885 1559 1914 er-

275 1958 338 2005 go
368 1959 448 1989 nec
476 1942 522 1988 in
542 1954 695 1988 tenero
724 1942 862 1987 modo
889 1940 1159 1988 coalescente
1192 1942 1453 2003 corpusculo
1485 1941 1561 1988 est.

274 2014 449 2074 Quidni
470 2031 561 2060 non
596 2014 674 2060 fit?
708 2031 799 2060 non
834 2013 968 2076 magis
989 2030 1118 2074 quam
1144 2012 1198 2058 rin
1224 2013 1398 2059 semine,
1434 2016 1496 2060 Ut
1531 2013 1562 2060 st

274 2088 392 2135 dicas
410 2120 425 2143 ‚
452 2087 632 2151 aliquod
662 2086 828 2132 arboris
847 2121 860 2143 ‚
884 2099 957 2131 aut
986 2085 1090 2140 sati,
1121 2086 1290 2131 bonum
1312 2102 1322 2130 ε
1353 2086 1439 2132 hoc
1468 2101 1560 2131 non

273 2160 335 2208 est
368 2161 413 2206 in
446 2160 586 2222 prima
621 2159 812 2215 fronde,
848 2175 957 2220 quae
989 2157 1134 2202 emissa
1168 2158 1460 2202 cummaxime
1489 2157 1561 2202 so-

273 2235 366 2280 lum
395 2234 572 2297 rumpit.
603 2232 675 2278 Est
710 2232 890 2295 aliquod
921 2230 1088 2277 bonum
1123 2230 1252 2276 tritici
1282 2248 1292 2275 :
1326 2230 1412 2277 hoc
1442 2245 1560 2275 non-

277 2309 380 2354 dum
402 2307 462 2354 est
490 2308 535 2354 in
554 2307 689 2353 herba
717 2307 924 2352 laciente:
950 2321 1030 2350 nec
1059 2321 1162 2351 cum
1193 2303 1394 2349 folliculo
1414 2301 1455 2346 se
1474 2318 1557 2346 ex-

276 2380 380 2428 serit
398 2379 510 2442 spica
526 2379 695 2434 mollis,
715 2379 785 2425 sed
803 2395 904 2425 cum
921 2376 1188 2423 strumentum
1206 2375 1334 2421 aestas
1352 2387 1392 2419 et
1408 2374 1553 2419 debita

280 2450 507 2502 maturitas
538 2450 675 2501 coxit.
712 2447 1107 2512 Quemadmodum
1128 2445 1273 2495 omnis
1299 2457 1447 2493 natura
1475 2443 1563 2499 bo:
