1730 2870
462 120 1053 196 EplsT'OLAE.
1314 171 1396 217 125

130 258 298 302 Omnes
325 255 389 302 isti
409 296 415 310 ,κ
428 255 532 302 tales
569 255 695 311 sunt,
726 257 895 318 qualem
930 258 1044 304 hunc
1076 258 1277 306 describit
1306 262 1404 308 Ho-

129 330 258 375 ratius
280 347 290 375 ε
315 346 540 391 nunquam
561 330 748 375 eundem
765 365 776 384 ,
810 348 889 376 nec
911 332 1089 378 similem
1111 334 1290 396 quidem
1314 335 1411 383 fibi.¹

129 403 240 448 adeo
271 402 316 447 in
348 401 573 449 diversum
603 403 781 448 aberrat.
818 405 983 450 Multos
1011 406 1099 451 dixi
1131 423 1142 451 :
1171 424 1309 470 prope
1343 409 1404 456 est

128 485 175 518 ut
191 488 347 518 omnes
361 473 449 517 sint.
464 474 612 519 Nemo
630 489 719 518 non
740 474 938 535 quotidie
953 491 996 521 et
1009 477 1234 522 consilium
1249 492 1401 537 mutat,
1434 528 1436 530 ,

131 558 175 592 et
196 559 364 591 votum.
395 547 535 592 modo
567 562 750 592 uxorem
785 546 880 592 vult
907 547 1094 605 habere,
1124 552 1263 597 modo
1292 553 1406 597 ami-

131 634 225 665 cam
246 636 257 664 :
280 619 422 665 modo
445 636 626 682 regnare
646 621 740 666 vult
759 638 770 665 :
798 620 937 665 modo
964 620 1008 665 id
1027 622 1133 684 agit,
1154 639 1219 669 =ne
1237 625 1332 685 quis
1358 626 1407 672 sit

131 691 371 738 officiosior
402 691 550 739 servus
578 709 588 737 ε
617 695 755 738 modo
789 692 937 738 dilatat
965 694 1008 739 se
1036 695 1170 749 usque
1199 698 1252 741 ad
1285 698 1404 743 invi-

132 765 276 819 diam;
307 766 446 811 modo
469 764 642 811 subsidit
661 800 675 822 ‚
699 779 742 811 et
764 765 1036 811 contrahitur
1053 765 1163 812 infra
1183 767 1405 814 humilita-

132 849 221 882 tem
246 854 351 883 vere
379 837 611 883 iacentium
635 855 645 882 :
672 854 785 882 nunc
817 837 1042 898 pecuniam
1074 839 1258 902 spargit,
1290 858 1407 887 nunc

132 909 254 970 rapit.
289 909 360 955 Sic
394 909 583 955 maxime
621 909 872 971 coarguitur
906 908 1074 956 animus
1109 913 1360 973 imprudens
1392 932 1405 959 t

133 982 240 1028 alius
259 982 406 1043 prodit
425 996 553 1045 atque
578 982 703 1036 alius,
721 994 763 1027 et
783 980 906 1045 (quo
924 975 1090 1044 turpius
1109 985 1214 1030 nihil
1232 985 1407 1049 iudico)

132 1054 275 1115 impar
303 1054 377 1099 fibi
400 1054 472 1101 est.
504 1057 707 1117 Magnam
733 1071 824 1100 rem
856 1068 985 1117 puta,
1017 1074 1152 1102 unum
1179 1058 1408 1105 hominem

134 1142 270 1189 agere.
302 1127 474 1173 Praeter
506 1127 740 1188 sapientem
776 1143 919 1173 autem
956 1145 1089 1175 nemo
1122 1147 1254 1175 unum
1289 1133 1406 1193 agit:

134 1199 264 1245 ceteri
294 1199 585 1245 multiformes
616 1199 774 1245 sumus.
807 1201 950 1246 Modo
982 1199 1097 1264 frugi
1127 1201 1207 1248 tibi
1233 1203 1410 1249 videbi-

134 1288 234 1317 mur
265 1286 308 1317 et
350 1289 530 1334 graves,
578 1273 718 1318 modo
750 1272 924 1335 prodigi
961 1286 1004 1318 et
1033 1274 1148 1320 vani.
1186 1277 1410 1322 Mutamus

134 1342 313 1389 subinde
333 1346 559 1405 personam
577 1379 590 1400 ,
619 1355 661 1389 et
678 1343 941 1390 contrariam
964 1343 1004 1390 ei
1031 1343 1261 1401 sumimus,
1279 1362 1410 1407 quam

134 1415 348 1462 exuimus.
368 1417 470 1462 Hoc
487 1433 596 1479 ergo
621 1433 644 1461 a
673 1428 714 1463 te
733 1416 883 1479 exige,
908 1431 952 1462 ut
976 1417 1145 1479 qualem
1176 1417 1411 1466 institueris

136 1478 347 1549 praestare
371 1501 413 1535 te
431 1522 445 1543 ‚
479 1490 607 1536 talem
634 1489 768 1550 usque
795 1491 847 1535 ad
878 1490 1041 1537 exitum
1079 1491 1235 1538 serves.
1274 1483 1434 1541 Effice*

136 1575 183 1608 ut
206 1562 338 1624 poffis
359 1562 550 1609 laudari:
582 1562 612 1607 fi
641 1562 802 1617 minus,
830 1575 877 1608 ut
907 1563 1094 1625 agnosci.
1127 1566 1198 1611 De
1228 1566 1410 1629 aliquo,

135 1649 267 1695 quem
286 1633 431 1680 vidisti
455 1634 548 1680 heri
564 1669 578 1691 ,
605 1635 763 1682 merito
784 1635 870 1683 dici
890 1635 1033 1698 potest
1054 1652 1066 1683 :
1095 1636 1181 1685 Hic
1198 1637 1295 1701 quis
1312 1639 1410 1686 est?

135 1706 251 1752 tanta
269 1705 456 1752 mutatio
476 1705 550 1753 est.

389 1835 864 1881 EPISTOLA
948 1835 1166 1884 CXXL

138 1966 322 2026 Aliquid
341 1983 416 2025 pro
442 1966 618 2027 argutiis
646 1968 876 2026 praetendit
905 1983 923 2012 ,·
956 1982 1042 2012 tum
1069 1968 1302 2028 proponit,
1331 1972 1410 2015 An

201 2040 393 2084 omnibus
429 2039 685 2084 animalibus
715 2040 1015 2104 constitutionis
1031 2040 1138 2099 sicae
1154 2041 1340 2101 finfits?
1370 2045 1414 2086 id

202 2114 257 2171 est
270 2147 282 2166 ‚
295 2113 441 2174 sponte
459 2109 502 2157 Θ
521 2127 673 2157 natura
691 2128 810 2170 eant,
836 2130 914 2174 quo
933 2115 1075 2158 debent
1093 2112 1134 2159 ὓ
1151 2115 1259 2173 sunt
1272 2114 1411 2173 setila.

205 2188 332 2231 Dicit
356 2182 424 2249 ff
440 2219 454 2241 ,
474 2182 516 2231 G·
534 2186 734 2246 exemplis
758 2187 1061 2247 rationibusque
1081 2188 1189 2232 varie
1207 2190 1332 2235 docet.

142 2301 241 2416 L
265 2380 281 2411 1
298 2379 359 2411 TI
374 2378 406 2412 G
423 2378 493 2411 AB
508 2379 526 2411 1
540 2378 562 2412 s
577 2400 590 2421 ,
621 2375 711 2429 ego‘
733 2365 869 2413 video
891 2383 901 2411 ε
923 2382 1023 2412 cum
1047 2365 1126 2412 tibi
1152 2365 1412 2413 hodiernam

140 2439 506 2504 quaestiunculam
522 2439 613 2506 ,jn
638 2455 726 2503 qua
755 2439 853 2486 satis
887 2439 963 2486 diu
996 2440 1233 2499 haesimus,
1253 2432 1414 2503 Χ(ξιιῳοω
