1730 2870
240 209 298 255 26
464 209 512 254 Ι..
566 210 870 256 ΑΝΝΑΕῙ
927 209 1288 258 SENECAE

235 313 325 360 vita
354 311 424 358 sua
451 313 650 376 quotidie
682 312 764 359 fuit
792 325 914 372 tota,
947 314 1120 363 securus
1151 317 1225 363 est.
1263 319 1308 363 ln
1335 318 1406 380 spe
1441 319 1514 366 νῖ-

166 417 170 418 ν
236 387 440 434 ventibus
459 422 472 446 ,
499 387 754 450 proximum
783 388 994 450 quodque
1015 404 1186 452 tempus
1214 390 1398 437 elabitur
1417 410 1428 438 ε
1447 392 1516 438 su·-

236 460 388 524 bitque
407 460 592 507 aviditas
606 496 619 516 ,
647 472 689 507 et
707 459 997 507 miserrimum
1017 473 1146 524 atque
1164 463 1400 509 miserrima
1417 471 1531 510 om-'

235 532 306 578 nia
340 532 562 590 efficiens,
602 544 741 579 metus
774 532 944 579 mortis.
973 533 1078 578 Inde
1113 532 1220 578 illud
1254 535 1518 592 Maecenaris

235 605 525 667 turpissimum
556 620 714 652 votum
744 622 756 652 :
788 620 881 668 quo
911 618 954 652 et
977 604 1242 651 debilitatem
1274 621 1364 651 non
1390 623 1518 653 recu·

234 677 323 733 sat,
345 689 388 723 et
406 677 728 723 deformitatem
744 712 757 732 ,
780 690 823 722 et
851 676 1087 722 noviffime
1109 690 1276 723 acutam
1311 694 1516 738 crucem„

235 748 484 798 dummodo
503 749 616 796 inter
635 750 742 796 haec
773 748 886 795 mala
905 743 1075 811 spiritu&
1095 762 1378 814 prorogetur.

426 875 620 919 Debilem
640 874 784 933 facito
814 892 976 931 manu,

485 948 681 992 Debilem
705 949 802 1006 pede
827 981 841 1001 ‚
867 965 977 991 coxa
995 963 1012 991 :

433 1021 565 1065 Tuber
591 1021 746 1085 acssrue
771 1021 974 1081 gibberum
989 1054 1006 1075 ,

486 1090 681 1133 Lubricos
718 1104 849 1148 quate*
871 1090 1022 1133 dentes.

433 1165 479 1207 V
477 1163 538 1207 ica
566 1164 663 1206 dum
683 1162 891 1226 fhperest,
919 1165 1012 1206 hene
1037 1160 1106 1225 est..

487 1238 618 1282 ,Hanc
646 1238 750 1281 milzi
766 1272 778 1293 ,
814 1239 881 1282 vel
903 1250 1031 1280 acula

426 1313 460 1355 S
464 1310 480 1353 i
500 1310 668 1369 fideam
701 1327 814 1355 cruce
830 1342 844 1366 ,
867 1307 1035 1373 stistine-

231 1434 370 1496 Quod
406 1433 697 1483 miserrimum
728 1445 848 1492 erat,
884 1432 912 1478 fi
949 1431 1187 1491 incidiffet,
1227 1443 1404 1496 optatur
1427 1451 1443 1481 τ
1472 1447 1520 1484 ee
1550 1473 1557 1475 μ

230 1520 441 1572 tanquam
473 1508 566 1555 vita
601 1507 787 1570 petitur,
819 1505 1016 1569 supplicii
1048 1523 1185 1553 mora.
1219 1508 1517 1557 Contemtiffi-

190 1643 194 1650 ί
231 1600 354 1628 mum
383 1593 606 1644 putarem,
625 1581 656 1626 fi
677 1580 830 1628 vivere
856 1580 990 1627 vellet
1007 1581 1139 1643 usque
1157 1581 1212 1627 ad
1229 1597 1418 1628 crucem.
1442 1584 1517 1629 Tu

229 1669 344 1700 vero
360 1689 373 1710 ‚
394 1652 556 1715 iuquit,
586 1669 658 1699 me
676 1653 873 1700 debilites
890 1652 991 1700 licet
1006 1689 1018 1711 ,
1040 1654 1144 1700 dum
1161 1654 1331 1716 spiritus
1348 1655 1392 1700 in
1411 1673 1516 1702 cor-

231 1743 340 1790 pore
371 1726 515 1773 stacio
549 1739 591 1774 et
613 1726 754 1774 inutili
782 1739 954 1774 maneat
979 1744 988 1772 :
1015 1727 1229 1789 depraves
1254 1727 1354 1774 licet
1371 1764 1384 1785 ‚
1411 1730 1517 1776 dum

230 1801 481 1848 monstroso
502 1814 545 1848 et
563 1800 751 1848 distorto
770 1800 984 1864 temporis
1009 1800 1172 1863 aliquid
1201 1802 1400 1847 accedat:
1422 1802 1517 1849 suf-

231 1873 337 1936 figas
355 1874 483 1932 licet,
517 1888 559 1920 et
576 1885 742 1921 acutam
765 1873 924 1920 seffuro
945 1889 1118 1920 crucem
1140 1873 1289 1919 subdas
1310 1890 1319 1918 :
1342 1873 1402 1919 est
1421 1889 1515 1920 tan-

231 1948 291 2003 ti,
317 1946 475 1993 vulnus
509 1944 634 1991 suum
665 1960 891 2006 premere,
929 1957 972 1990 et
999 1944 1194 2007 patibulo
1223 1945 1410 2006 pendere
1439 1946 1516 1992 de—

232 2019 425 2067 striffiim
441 2055 454 2077 ‚
473 2019 577 2066 dum
598 2018 770 2066 differat
789 2018 832 2065 id
849 2019 970 2083 quod
990 2018 1050 2066 est
1067 2018 1112 2065 in
1132 2019 1252 2065 malis
1269 2019 1487 2081 optimum
1502 2056 1516 2078 ,

229 2092 429 2156 supplicii
448 2092 599 2139 finem.
635 2091 706 2139 Est
724 2091 855 2149 tanti,
889 2092 1047 2139 habere
1067 2092 1254 2138 animam
1271 2129 1284 2150 ,
1314 2105 1361 2139 ut
1377 2110 1516 2157 agam.

227 2167 352 2228 Quid
384 2166 485 2213 huic
519 2176 677 2230 optes,
711 2165 803 2217 nifi*
823 2165 933 2213 deos.
964 2165 1140 2213 faciles?
1171 2164 1276 2228 quid
1307 2165 1383 2213 fibi
1417 2167 1515 2214 vult

226 2239 304 2287 ista
324 2240 526 2287 carminis
549 2238 787 2286 effeminati
815 2238 1079 2301 turpitudo?
1103 2239 1209 2302 quid
1235 2239 1406 2287 timoris
1438 2241 1514 2288 de-

228 2311 479 2358 mentiffimi
508 2311 682 2376 paclio?
717 2311 821 2374 quid
855 2323 942 2357 tam
978 2310 1111 2358 foeda
1139 2311 1254 2360 vitae
1289 2312 1514 2362 mendica-

226 2382 325 2433 tio?
352 2385 468 2431 Huic
496 2397 622 2448 putas
649 2401 844 2448 unquam
867 2384 1063 2432 recitasse
1085 2384 1318 2450 Virgilium
1335 2421 1351 2445 .·›

364 2510 502 2572 Usque
529 2513 678 2558 adeone
707 2511 809 2558 mori
835 2510 1021 2572 mzstrum
1041 2509 1129 2577 ψ’.)
