1730 2870
377 97 625 145 NATUR.
678 99 973 157 QUAEST.
1023 99 1140 145 ΗΒ.
1186 102 1244 147 V.
1360 118 1443 162 305

175 204 500 269 inquireremus.
519 206 646 264 Quae
665 220 744 250 nos
764 205 977 251 dementia
995 205 1182 269 exagitat
1195 242 1207 262 ,
1226 217 1269 252 et
1288 204 1331 253 in
1350 225 1451 254 mu-

171 293 296 324 tuum
319 276 544 338 compellit
569 275 783 322 exitium?
814 278 923 322 Vela
949 277 1089 324 ventis
1110 280 1260 324 damus
1288 277 1450 324 bellum

171 349 374 412 petituri,
394 363 434 393 et
452 348 748 410 periclitamur
766 348 945 409 periculi
965 348 1102 394 caula.
1125 351 1335 395 Incertam
1354 348 1452 395 for-

172 438 318 471 tunam
349 422 625 483 experimur:
661 421 750 469 vim
780 420 1079 483 tempestatum
1106 422 1221 468 nulla
1252 440 1340 486 ope
1368 424 1452 469 hu-

173 512 300 542 mana
319 494 604 556 superabilem
621 528 632 550 ‚
655 508 845 540 mortem
868 492 953 539 {ine
973 493 1044 554 spe
1066 493 1318 555 sepulturae.
1344 495 1452 541 Non

171 582 261 618 erat
280 570 385 615 tanti
401 606 414 625 ‚
441 569 469 613 ii
490 569 542 613 ad
564 583 716 629 pacem
742 584 818 628 per
838 567 914 612 ista
935 568 1209 614 veheremur.
1228 569 1358 616 Nunc
1375 586 1453 616 au-

171 657 256 689 tem
284 658 383 688 cum
404 641 667 687 evaserimus
690 652 755 684 tot
774 639 976 701 scopulos
993 640 1170 687 latentes
1186 673 1199 695 ,
1221 655 1263 687 et
1281 642 1453 688 infidias

171 716 322 762 vadosi
352 714 510 767 maris;
541 730 641 760 cum
662 711 941 774 effugerimus
971 714 1243 774 procellosos
1268 715 1453 778 desuper

171 803 368 843 montes,
399 789 443 833 in
464 803 575 849 quos
605 802 811 848 praeceps
833 784 1082 849 navigantes
1104 800 1257 834 ventus
1286 789 1453 852 impin-

171 864 262 925 git;
291 877 391 907 cum
420 860 647 906 involutos
673 858 825 904 nubilo
850 858 968 916 dies,
998 871 1041 905 et
1072 860 1229 907 nimbis
1255 878 1304 908 ac
1331 863 1454 910 toni-

173 936 278 983 truis
306 935 543 980 horrendas
575 933 754 989 noctes,
783 949 882 977 cum
908 933 1153 979 turbinibus
1183 935 1348 981 divulsa
1378 953 1456 983 na-

172 1009 290 1071 vigia
309 1026 320 1053 :
351 1007 445 1070 quis
469 1006 550 1052 erit
571 1005 696 1050 liuius
723 1004 885 1050 laboris
905 1022 955 1051 ac
976 1020 1117 1053 metus
1140 1006 1336 1055 fruetus?
1355 1009 1455 1072 quis

171 1099 252 1128 nos
271 1080 402 1127 fess'os
426 1093 492 1125 tot
511 1079 633 1124 malis
660 1092 811 1140 portus
830 1079 1053 1141 excipiet?
1075 1081 1240 1127 Bellum
1265 1083 1422 1131 scilicet
1436 1117 1454 1140 ,

172 1171 215 1201 et
234 1154 394 1201 obvius
413 1154 458 1198 in
475 1153 603 1199 litore
626 1152 759 1198 hostis
774 1184 788 1205 ‚
804 1166 846 1199 et
868 1153 1146 1201 trucidandae
1167 1171 1314 1217 gentes
1333 1169 1453 1204 trac-

171 1241 293 1273 turae
316 1242 471 1289 magna
500 1242 554 1271 ex
586 1237 703 1286 parte
732 1226 976 1280 vitiorem,
1007 1242 1049 1273 et
1069 1228 1342 1291 antiquarum
1373 1248 1454 1276 ur-

162 1297 290 1347 ¹bium
313 1299 501 1345 flamma.
533 1297 656 1358 Quid
676 1297 719 1343 in
738 1313 855 1343 arma
877 1298 1076 1361 cogimus
1097 1303 1320 1364 populos?
1341 1303 1453 1365 quid

172 1372 384 1419 exercitus
407 1370 633 1417 scribimus
647 1402 661 1425 ‚
682 1370 922 1418 dsteEfflros
942 1370 1077 1417 aciem
1100 1374 1145 1419 in
1166 1376 1317 1422 mediis
1336 1376 1452 1423 fluc-

171 1444 312 1490 tibus?
344 1442 450 1506 quid
482 1443 615 1488 maria
637 1442 958 1505 inquietamus?
982 1446 1135 1492 Parum
1163 1448 1366 1495 videlicet
1396 1450 1452 1497 ad

170 1529 333 1564 mortes
353 1516 516 1562 nostras
534 1527 645 1561 terra
662 1515 744 1561 late
765 1530 893 1577 patet.
917 1518 1059 1564 Nimis
1076 1519 1255 1567 delicate
1272 1522 1452 1569 fortuna

171 1606 254 1636 nos
278 1589 429 1635 traciat
450 1605 461 1634 z
488 1588 616 1633 nimis
634 1588 740 1634 dura
759 1588 877 1635 dedit
894 1590 1022 1636 nobis
1041 1606 1230 1653 corpora
1243 1629 1255 1650 ,
1276 1592 1451 1641 felicem

171 1661 482 1709 valetudinem.
508 1661 614 1706 Non
633 1660 927 1722 depopulatur
955 1678 1037 1709 nos
1063 1663 1183 1711 casus
1199 1664 1448 1714 incurrens:

170 1732 343 1782 emetiri
364 1732 520 1795 cuique
544 1748 680 1778 annos
708 1731 807 1779 suos
832 1750 886 1780 ex
907 1735 1153 1782 commodo
1175 1737 1304 1795 licet,
1335 1755 1377 1787 et
1395 1737 1451 1787 ad

170 1808 429 1854 sene&titem
461 1806 708 1852 decurrere.
740 1807 887 1868 Itaque
918 1824 1065 1857 eamus
1093 1810 1139 1857 in
1171 1812 1373 1877 pelagus,
1406 1827 1453 1862 et

171 1896 384 1929 vocemus
400 1880 445 1926 in
473 1895 552 1926 nos
571 1878 658 1926 fata
681 1878 890 1926 cessantia.
913 1882 1083 1941 Miseri,
1099 1885 1205 1946 quid
1220 1886 1451 1949 quaeritis?

172 1966 359 2000 mortem
375 1986 388 2008 ‚
416 1970 525 2014 quae
549 1953 713 2015 ubique
736 1953 947 2014 superest?
974 1957 1096 2002 Petet
1123 1957 1194 2002 illa
1215 1975 1297 2006 vos
1326 1975 1369 2006 et
1393 1976 1451 2007 ex

172 2026 350 2080 leuulm
381 2025 450 2071 sed
477 2025 625 2087 utique
645 2025 900 2073 innocentes
928 2039 1076 2089 petat:
1102 2031 1338 2091 occupabit
1365 2048 1451 2079 vos

172 2097 216 2142 in
246 2097 388 2144 vestra
409 2097 569 2152 dom03
595 2096 665 2143 sed
686 2110 875 2159 occupet
905 2100 1069 2146 nullum
1095 2102 1326 2150 molientes
1357 2121 1450 2151 ma·-

170 2168 277 2215 lum.
309 2170 411 2216 Hoc
439 2186 547 2216 vero
576 2170 684 2233 quid
708 2170 823 2216 aliud
852 2170 946 2234 quis
973 2172 1153 2230 dixerit,
1175 2191 1308 2237 quam
1332 2176 1448 2224 insa-

170 2242 310 2298 niam,
331 2240 610 2288 circumferre
627 2242 840 2304 pericula,
866 2257 910 2291 et
928 2260 1052 2292 ruere
1071 2246 1115 2291 in
1137 2246 1336 2309 ignotos,
1358 2251 1446 2297 ira-

171 2329 264 2359 tum
279 2313 365 2359 fine
378 2313 537 2359 iniuria
563 2315 836 2361 occurrentia
849 2315 1143 2364 devastantem
1158 2355 1171 2376 ‚
1189 2337 1237 2367 ac
1252 2321 1447 2371 ferarum

171 2401 297 2432 more
317 2386 522 2432 occidere
538 2420 554 2441 ‚
577 2402 708 2448 quem
731 2402 820 2432 non
841 2388 1019 2437 oderis?
1047 2389 1131 2438 Illis
1151 2404 1293 2441 tamen
1308 2395 1355 2443 in
1377 2397 1447 2445 ul*

236 2460 284 2507 L.
310 2463 433 2508 Arm.
460 2464 632 2508 Seneca.
664 2463 760 2510 Vol.
786 2462 815 2506 I
818 2462 872 2511 V,
1176 2467 1221 2519 V
