1730 2870
225 141 318 172 200
451 125 500 170 L,
547 119 856 168 ANNAEI
906 118 1275 165 SENECAE

290 232 451 278 XVIII.
482 226 804 275 Anaximander
833 224 982 270 omnia
1017 224 1071 270 ad
1111 222 1309 285 spiritum
1344 223 1504 272 retulit.

225 299 462 358 Tonitrua‚
481 301 644 363 inquit,
665 299 759 344 sunt
779 297 904 342 nubis
923 295 1028 341 istae
1049 296 1191 341 sonus.
1213 298 1362 355 Quare
1382 296 1503 342 inae—

226 377 368 441 qualia
398 374 517 421 sunt?
546 373 647 435 quia
667 385 709 418 et
738 371 826 433 ipse
855 369 963 416 ictus
995 369 1228 432 inaequalis
1253 369 1325 416 est.
1356 371 1505 430 Quare

226 462 270 496 et
301 448 455 493 sereno
492 448 642 491 tonat?
674 443 774 506 quia
802 454 905 487 tunc
935 456 1113 502 quoque
1143 457 1219 502 per
1250 439 1429 487 crassum
1461 451 1506 486 et

226 520 388 565 fiscum
417 518 515 563 a'e'ra
537 516 708 579 spiritus
726 513 906 576 prosilit.
933 514 990 558 At
1018 528 1147 574 quare
1166 512 1398 575 aliquando
1416 528 1509 558 non

228 591 415 654 fulgurat
434 605 476 635 et
504 603 627 635 tonat
645 589 661 634 ?
689 579 791 650 quia
811 585 988 632 tenuior
1007 595 1049 630 et
1075 583 1292 630 infirmior
1309 585 1478 646 spiritus
1494 620 1509 642 ‚

227 664 301 726 qui
335 664 380 708 in
400 661 621 707 flammam
647 676 736 704 non
762 657 919 711 valuit,
949 657 994 702 in
1026 655 1182 702 sonum
1208 657 1356 703 valuit.
1387 657 1509 717 Quid

227 736 286 782 est
304 752 410 798 ergo
427 734 515 796 ipsa
534 731 795 795 fulguratio?
816 729 925 776 aeris
945 729 1188 777 diducentis
1207 730 1246 775 se
1259 765 1273 786 ‚
1296 745 1510 776 corruen-

229 808 365 870 tisque
380 805 575 858 ia&atio;
597 804 850 866 languidum
873 803 1019 863 ignem
1037 836 1050 857 ,
1074 817 1153 846 nec
1170 801 1388 847 exiturum
1410 818 1513 863 ape-

231 879 357 925 riens.
381 877 502 937 Quid
521 876 580 923 est
600 875 801 921 fulmen?
824 873 1006 919 acrioris
1031 872 1321 935 densiorisque
1342 872 1513 935 spiritus

232 951 392 1008 cursus.

299 1025 424 1071 XtX.
445 1021 795 1069 Anaximandrus
814 1020 895 1076 ait,
918 1021 1066 1066 omnia
1087 1019 1162 1066 ista
1181 1019 1236 1067 {ic
1255 1019 1377 1078 fieri,
1395 1034 1442 1067 ut
1462 1038 1514 1067 ex

234 1098 406 1145 aethere
440 1097 582 1157 aliqua
614 1094 680 1140 vis
715 1094 760 1139 in
792 1091 1000 1139 inferiora
1033 1093 1263 1139 descendit.
1302 1095 1363 1139 Ita
1403 1093 1516 1156 ignis

171 1168 173 1170 ¹
236 1173 447 1236 impactus
476 1169 662 1216 nubibus
690 1167 855 1229 frigidis
886 1167 1020 1214 sonat.
1050 1172 1107 1213 At
1133 1185 1232 1214 cum
1258 1167 1349 1214 illas
1380 1168 1515 1213 inter-

237 1245 413 1298 scindit,
439 1243 606 1306 fulget:
639 1253 681 1291 et
707 1240 854 1286 minor
882 1240 949 1287 vis
979 1239 1174 1304 ignium,
1202 1238 1518 1303 fulgurationes

238 1319 362 1373 facit,
392 1316 532 1362 maior
552 1313 746 1360 fulmina.

303 1389 408 1448 XX.
441 1386 670 1448 Diogenes
703 1383 1004 1446 Apolloniates
1034 1382 1121 1438 ait,
1152 1383 1365 1446 quaedam
1399 1383 1520 1430 toni-

242 1477 333 1512 trua
351 1463 473 1524 igne,
492 1459 706 1521 quaedam
727 1458 880 1520 spiritu
904 1456 1008 1503 fieri.
1030 1457 1103 1501 llla
1129 1456 1238 1518 ignis
1258 1456 1385 1513 facit,
1408 1474 1518 1519 quae

240 1538 328 1600 ipse
342 1534 558 1582 antecedit
576 1543 618 1578 et
640 1532 835 1578 nuntiat:
852 1531 921 1576 illa
942 1530 1111 1592 spiritus
1123 1563 1136 1584 ‚
1151 1546 1260 1592 quae
1275 1529 1362 1575 fine
1379 1529 1519 1592 splen-

242 1613 351 1658 dore
369 1616 642 1670 crepuerunt„
660 1607 909 1666 Utrumque
934 1603 1021 1648 fine
1047 1603 1184 1648 altero
1212 1601 1307 1647 fieri
1324 1637 1335 1657 ,
1363 1613 1406 1649 et
1435 1602 1520 1649 effe

244 1684 500 1747 aliquando,
534 1680 765 1726 concedo:
786 1677 844 1724 ita
863 1688 1031 1733 tamen,
1057 1688 1214 1722 utnon
1244 1675 1422 1722 discreta
1440 1675 1524 1721 illis

242 1756 429 1821 potestas
456 1755 533 1810 sit,
567 1752 639 1798 sed
668 1767 901 1814 utrumque
929 1750 983 1797 ab
1017 1762 1208 1811 utroque
1238 1750 1349 1797 effici
1380 1749 1523 1812 poffit:

244 1829 354 1889 Quis
366 1826 480 1873 enim
499 1824 671 1888 negabit
690 1823 884 1885 spiritum
900 1839 1058 1886 magno
1073 1822 1240 1883 impetu
1253 1821 1407 1879 latum,
1422 1839 1520 1868 cum

243 1900 376 1948 efficit
394 1897 545 1943 sonum
564 1932 577 1953 ,
596 1895 847 1942 effecturum
868 1909 911 1941 et
931 1893 1106 1957 ignem?
1130 1894 1242 1952 Quis
1263 1907 1304 1940 et
1322 1894 1410 1939 hoc
1430 1910 1520 1938 non

245 1968 487 2023 concedet,
518 1966 753 2029 aliquando
783 1966 927 2029 ignem
961 1982 1142 2027 quoque
1170 1981 1374 2026 rumpere
1400 1964 1524 2026 posse

247 2042 405 2098 nubeS‚
419 2053 463 2086 et
476 2056 566 2086 non
584 2038 775 2095 exfilire,
794 2039 823 2084 fi
840 2038 1122 2101 plurimarum
1139 2053 1301 2083 acervo
1321 2036 1526 2093 nubium,

246 2131 347 2162 cum
370 2127 527 2174 paucas
545 2109 830 2172 perscidiss'et,
854 2109 1081 2172 oppreffus
1102 2108 1190 2155 est?
1217 2110 1336 2171 Ergo
1354 2121 1395 2155 et
1415 2109 1524 2171 ignis

247 2187 324 2234 ibit
342 2186 387 2231 in
404 2183 600 2246 spiritum
614 2216 628 2236 ‚
647 2184 887 2246 perdetque
907 2182 1119 2245 fulgorem
1138 2195 1179 2227 et
1197 2180 1402 2244 speciem,
1418 2182 1522 2227 dum

250 2259 392 2310 secuta
410 2255 455 2300 in
476 2265 590 2301 terra
616 2255 820 2300 incendit.
853 2253 1004 2300 Adiice
1034 2269 1177 2308 nunc,
1207 2253 1329 2315 quod
1359 2250 1526 2298 necess‘e

249 2329 334 2384 est,
356 2344 402 2375 ut
420 2328 609 2389 impetus
628 2327 820 2373 fulminis
841 2341 884 2373 et
902 2326 1143 2389 praemittat
1164 2326 1357 2388 spiritus,
1373 2338 1415 2371 et
1429 2335 1527 2386 agat

252 2414 348 2453 ante
365 2403 432 2460 se,
459 2415 502 2448 et
531 2417 555 2453 a
585 2412 710 2464 tergo
738 2402 878 2450 trahat
910 2412 1124 2458 ventum,
1151 2408 1253 2450 cum
1283 2411 1371 2446 tam
1398 2399 1525 2449 vasto
