1730 2870
402 111 669 161 ›NATUK
717 107 1011 170 QUAEST.
1060 108 1175 153 LlB.
1207 107 1283 152 VI.
1388 121 1474 168 325

200 211 446 278 angustiora
474 210 644 257 animae
678 208 973 271 receptacula,
1004 222 1082 270 per
1113 219 1224 269 quae
1248 202 1354 250 nihil
1384 219 1481 248 am-

197 287 310 350 plius
345 294 478 349 quam
514 294 629 329 meat
659 300 670 328 ε
702 281 915 345 quaedam
951 276 1223 342 patentiora,
1245 275 1291 322 in
1322 273 1481 338 quibus

192 358 438 421 colligitur,
459 369 502 404 et
521 355 637 402 unde
657 352 870 402 dividitur
888 352 933 400 in
954 365 1113 415 partes.
1132 349 1203 397 Sic
1223 349 1312 396 hoc
1330 359 1479 395 totum

193 444 410 478 terrarum
429 429 631 477 omnium
656 444 841 490 corpus,
861 438 904 475 et
921 425 1067 490 aquis,
1085 441 1196 488 quae
1220 423 1366 472 vicem
1386 419 1481 468 san-

191 503 334 568 guinis
359 514 534 561 tenent,
562 516 606 551 et
629 500 795 561 ventis,
825 517 938 566 quos
973 498 1081 545 nihil
1104 498 1220 545 aliud
1244 497 1479 563 quisquam

189 578 381 626 animam
412 576 672 634 vocaverit,
707 575 914 639 pervium
944 573 1015 621 est.
1048 574 1168 620 Haec
1195 572 1288 619 duo
1314 569 1476 617 alicubi

187 663 491 709 concurrunt,
518 649 677 697 alicubi
705 647 953 696 consistunt.
987 647 1071 693 Sed
1098 644 1475 708 quemadmodum

187 723 236 770 in
265 740 456 786 corpore
481 722 634 770 nostro
653 754 667 778 ‚
697 722 800 769 dum
832 722 950 769 bona
977 719 1187 768 valetudo
1213 717 1303 776 est,
1335 732 1476 765 vena-

187 812 287 842 rum
313 812 493 860 quoque
513 794 826 858 imperturbata
846 794 1069 841 mobilitas
1094 792 1277 839 modum
1299 791 1443 838 servat
1462 805 1476 844 ;

189 869 265 915 ubi
298 869 461 933 aliquid
491 866 660 916 adversi
688 867 778 925 est,
811 866 942 914 micat
966 864 1158 914 crebrius
1178 900 1193 921 ‚
1222 876 1264 912 et
1299 861 1474 925 suspiria

188 952 317 1003 atque
352 940 562 987 anhelitus
581 974 594 996 ,
626 939 863 986 laborantis
892 955 943 985 ac
975 936 1068 984 feffi
1098 935 1210 1000 signa
1244 935 1339 982 sunt
1369 950 1381 980 z
1413 933 1473 980 ita

187 1021 327 1060 terrae
344 1028 523 1076 quoque
537 1047 550 1070 ‚
571 1012 674 1058 dum
692 1010 775 1058 illis
794 1009 957 1073 positio
982 1010 1181 1057 naturalis
1201 1008 1262 1056 est
1277 1041 1292 1063 ,
1312 1007 1470 1055 incon·

189 1084 330 1132 cussae
365 1096 555 1132 manent.
588 1085 704 1131 Cum
738 1082 904 1146 aliquid
941 1094 1178 1146 peccatur,
1214 1093 1317 1129 tunc
1351 1079 1474 1128 velut

189 1157 306 1220 aegri
336 1156 538 1220 corporis
564 1168 711 1203 motus
731 1154 821 1214 est,
851 1155 1005 1218 spiritu
1032 1156 1109 1203 illo
1135 1155 1210 1219 qui
1234 1152 1474 1213 modestius

190 1229 431 1291 perfluebat
456 1265 470 1286 ‚
496 1229 596 1277 -ieto
632 1230 965 1286 vehementiuS‚
1004 1246 1047 1278 et
1081 1229 1302 1294 quaffante
1340 1243 1477 1285 venas

189 1300 283 1348 suas
304 1320 314 1349 :
340 1319 421 1349 nec
436 1337 451 1360 ‚
470 1313 517 1350 ut
536 1301 598 1348 iili
618 1301 751 1364 paulo
769 1312 868 1348 ante
888 1301 1092 1352 dicebant
1110 1339 1124 1366 5
1140 1301 1297 1371 quibus
1315 1299 1474 1348 animal

188 1377 330 1440 placet
358 1375 442 1426 effe.
475 1389 650 1428 terram.
683 1393 785 1429 nam
813 1375 844 1427 fi
877 1376 966 1428 hoc
998 1380 1061 1429 est
1092 1375 1472 1448 quemadmodum

188 1453 348 1502 animal
366 1491 379 1514 ‚
400 1466 493 1502 tota
512 1453 791 1502 vexationem
819 1453 987 1505 sentiet.
1008 1457 1164 1522 Neque
1184 1458 1302 1506 enim
1325 1459 1371 1507 in
1389 1477 1472 1509 no-

185 1529 255 1577 bis
281 1529 414 1579 febris
443 1529 545 1577 alias
568 1540 713 1593 partes
749 1530 1018 1580 moderatius
1049 1533 1259 1597 impellit,
1290 1534 1362 1584 sed
1393 1556 1472 1601 per

186 1618 343 1651 omnes
360 1601 453 1666 pari
471 1602 725 1666 aequalitate
749 1601 966 1653 discurrit.
990 1606 1105 1653 Vide
1117 1623 1240 1670 ergo,
1256 1601 1470 1674 numquid

186 1678 321 1725 intret
366 1677 412 1724 in
453 1677 568 1724 illam
606 1677 776 1741 spiritus
820 1695 873 1726 ex
911 1679 1180 1729 circumfuso
1213 1685 1313 1732 aere
1347 1703 1359 1731 :
1393 1686 1467 1750 qui

188 1749 399 1814 quamdiu
427 1750 556 1798 habet
589 1751 778 1810 exitum,
811 1753 899 1800 fine
929 1754 1087 1801 iniuria
1116 1756 1305 1815 labitur:
1334 1759 1367 1807 fi
1396 1761 1470 1808 of-

185 1823 325 1870 fendit
351 1823 515 1888 aliquid
532 1859 546 1881 ‚
576 1835 619 1871 et
648 1824 801 1872 incidit
828 1826 951 1889 quod
979 1827 1099 1876 viani
1133 1819 1332 1888 claudat,
1364 1846 1470 1884 tunc

187 1907 397 1944 oneratur
420 1895 569 1959 primo
593 1896 853 1946 infundente
879 1900 922 1948 se
942 1917 965 1947 a
993 1913 1123 1966 tergo
1147 1905 1261 1953 aere.
1290 1906 1471 1956 Deinde

188 1987 268 2034 per
283 1970 472 2034 aliquam
492 1970 647 2017 rimam
673 1971 860 2036 maligne
884 1973 1020 2039 fugit,
1043 1989 1086 2024 et
1105 1978 1193 2026 hoc
1219 1979 1359 2027 acrius
1377 1981 1470 2029 fer-

188 2053 290 2101 tur,
318 2059 410 2107 quo
433 2044 663 2107 angustius.
689 2045 738 2092 1d
767 2046 856 2093 fine
881 2064 1026 2111 pugna
1054 2066 1147 2097 non
1175 2051 1318 2113 potest
1348 2051 1474 2111 fieri,

189 2131 272 2162 nec
302 2132 446 2180 pugna
476 2115 563 2165 fine
592 2131 730 2164 motu.
758 2121 814 2164 At
843 2118 873 2165 fi
898 2137 982 2167 nec
1002 2120 1159 2169 rimam
1186 2123 1364 2186 quidem
1394 2143 1475 2188 per

193 2206 326 2253 quam
357 2191 504 2238 effluat
522 2191 717 2252 invenit,
747 2194 1035 2258 conglobatus
1062 2196 1132 2244 ille
1164 2196 1298 2258 furit,
1319 2211 1362 2247 et
1384 2199 1474 2249 huc

194 2274 323 2326 atque
346 2263 422 2311 illo
442 2264 753 2328 circumagitur
771 2301 785 2324 ‚
808 2267 977 2331 aliaque
996 2269 1166 2328 deficit,
1199 2271 1279 2318 alia
1296 2272 1475 2321 interci-

192 2336 286 2383 dit:
313 2353 415 2384 cum
436 2338 727 2397 oenuiffimus,
756 2339 963 2405 idemque
989 2341 1267 2403 fortiffimus,
1291 2360 1335 2393 et
1361 2345 1474 2394 irre-

194 2420 265 2471 pat
281 2410 484 2473 quamvis
501 2411 546 2488 in
563 2410 805 2474 obstrusta,
819 2425 861 2464 et
877 2414 1093 2480 quidquid
1114 2416 1292 2468 intravit
1302 2418 1382 2479 ,·vi
1398 2418 1476 2468 sua

1101 2491 1149 2538 X
1187 2508 1208 2553 3
