1730 2870
367 89 628 146 NATUR.
663 90 966 154 QUAEST.
1009 89 1127 140 ΗΒ.
1162 90 1260 141 vu.
1366 106 1452 161 353

178 218 204 251 ἰ
179 203 343 252 eceffe
363 204 445 259 est,
463 202 527 248 his
542 200 745 248 Cometis
764 200 1118 249 diuturnioribus
1124 217 1167 249 et
1188 201 1461 261 celsioribus,

178 277 350 340 plenior
379 274 557 322 materia
583 273 612 319 s
616 286 645 322 t
671 274 827 355 Neque
854 272 970 319 enim
993 273 1152 321 diutius
1174 289 1463 338 apparerent,

178 349 256 397 nifi
289 341 528 396 maioribus
570 346 846 394 nutrimentis
881 344 1199 395 sustinerentur
1239 348 1463 396 Dicebam

179 422 349 480 modo,
368 437 457 467 non
474 419 594 483 poffe
612 420 687 466 diu
702 419 914 466 verticem
937 432 1192 481 permanere
1205 452 1220 479 ,
1236 429 1319 468 'nec
1335 420 1465 482 supra

178 490 348 553 lunam,
367 506 439 541 aut
455 493 589 556 usque
602 492 647 538 in
665 491 884 538 stellarum
900 491 1049 538 locum
1069 492 1275 540 crescere.
1291 492 1466 556 Nempe

178 565 311 613 efficit
333 567 553 612 turbinem
571 600 586 622 ‚
605 563 802 627 plurium
822 574 1062 610 ventorum
1088 563 1202 611 inter
1230 564 1346 627 ipsos
1365 565 1466 621 luc-

177 639 296 687 tatio.
323 637 446 685 Haec
467 639 542 684 diu
562 654 653 684 non
681 636 824 700 potest
853 636 953 684 effe.
983 638 1097 683 Nam
1118 652 1222 685 cum
1250 655 1388 702 vagus
1419 650 1464 689 et

176 710 367 757 incertus
394 709 568 772 spiritus
596 708 909 777 convolutatus
930 707 1017 765 est,
1048 708 1281 756 noviffime
1302 711 1376 757 uni
1394 711 1465 759 vis

177 782 379 829 omnium
404 782 531 830 cedit.
558 782 692 829 Nulla
714 793 858 828 autem
876 781 1106 845 tempestas
1125 797 1281 847 magna
1298 784 1464 846 perdu⁶

179 869 255 903 rat.
282 855 500 902 Procellae
527 866 693 917 quanto
713 854 809 917 plus
828 853 989 901 habent
1013 854 1202 913 virium,
1233 864 1356 904 tanto
1374 857 1465 905 mi&

179 944 258 974 nus
275 926 500 989 temporis.
531 925 660 972 Venti
680 941 780 972 cum
806 925 861 971 ad
881 925 1097 973 summum
1118 938 1362 987 venerunt,
1392 944 1464 977 re-

178 999 412 1045 mittuntur
428 996 553 1043 omni
573 996 797 1047 violentia.
822 991 1005 1044 Necess‘e
1025 996 1085 1044 est
1104 997 1179 1045 ista
1198 1000 1463 1050 concitatio*¹

178 1083 233 1118 ne
254 1071 297 1117 in
316 1070 497 1117 exitium
519 1068 581 1116 sui
602 1069 793 1116 tendant.
819 1070 966 1117 Nemo
983 1071 1131 1135 itaque
1151 1074 1369 1122 turbinem
1389 1087 1462 1125 to-

172 1156 224 1212 to
249 1144 318 1191 die
338 1144 480 1200 vidit,
512 1159 565 1189 ne
584 1142 693 1189 hora
722 1142 917 1205 quidem.
951 1144 1066 1191 Mira
1097 1146 1308 1195 velocitas
1335 1149 1459 1209 eius,

175 1230 219 1264 et
242 1217 353 1264 mira
373 1215 561 1263 brevitas
580 1214 651 1261 est.
675 1217 904 1263 Praeterea
934 1215 1171 1265 violentius
1191 1219 1461 1286 celeriusque

175 1286 353 1337 interra
381 1288 580 1351 circaque
599 1304 695 1334 eam
716 1289 937 1336 volvitur:
960 1304 1051 1353 quo
1070 1289 1223 1337 celsior
1238 1327 1251 1349 ‚
1270 1309 1326 1339 eo
1344 1292 1460 1342 solua

174 1361 290 1420 tior,
318 1359 549 1423 laxiorque
584 1358 645 1407 est
667 1395 681 1418 ‚
707 1372 750 1408 et
782 1360 843 1407 ob
876 1361 963 1408 hoc
998 1361 1274 1411 diffunditur.
1304 1365 1462 1414 Adiice

176 1450 322 1489 nunc,
353 1434 476 1496 quod
495 1433 660 1480 etiarnsi
677 1432 722 1478 in
740 1432 957 1480 summum
976 1435 1279 1496 pertenderet,
1315 1438 1389 1483 ubi
1406 1438 1462 1484 fi-

177 1506 354 1554 deribus
376 1506 458 1553 iter
475 1505 560 1564 est,
587 1505 740 1569 utique
770 1505 824 1551 ab
856 1522 912 1553 eo
936 1521 1088 1565 motu,
1111 1507 1187 1570 qui
1205 1510 1462 1559 universum

167 1570 333 1637 trahit,
368 1580 622 1627 solveretur.⁷
662 1579 786 1641 Quid
816 1578 933 1626 enim
967 1579 1028 1627 est
1058 1580 1129 1627 illa
1153 1582 1460 1635 ,converfione

176 1653 328 1698 mundi
361 1652 566 1699 citatius?
600 1652 682 1699 hac
720 1651 925 1699 omnium
967 1662 1202 1701 ventorum
1239 1654 1286 1701 in
1320 1673 1459 1703 unum

175 1726 375 1772 coniecta
402 1725 470 1772 vis
504 1725 777 1789 diffiparetur
794 1762 808 1784 ‚
839 1737 882 1773 et
910 1736 1047 1773 terrae
1084 1725 1218 1774 solida
1245 1727 1460 1794 fortisque

174 1813 440 1861 compages,
467 1799 629 1846 nedum
649 1797 858 1861 particula
883 1798 993 1845 aeris
1011 1799 1133 1846 torti.

239 1871 300 1918 X.
330 1871 588 1918 Praeterea'
577 1888 624 1917 m
643 1871 731 1917 alto
751 1887 925 1917 manere
943 1887 1036 1918 non
1062 1862 1238 1935 potest
1225 1864 1336 1936 ignis
1367 1885 1459 1922 tur-

174 1938 277 1991 bine
294 1944 456 2002 illatus,
475 1943 552 1989 nifi
571 1942 660 2006 ipse
677 1959 858 2006 quoque
877 1954 1154 2006 permaneret
1168 1945 1315 1992 turbo.
1335 1940 1462 2006 Quid
1511 2003 1515 2007 .

174 2028 315 2080 porro
333 2032 422 2063 tam
447 2015 704 2064 incredibile
729 2015 815 2074 est,
850 2033 984 2080 quam
1013 2017 1057 2064 in
1086 2018 1260 2072 turbine
1281 2019 1459 2083 longior

175 2091 325 2137 mora?
347 2090 510 2154 Utique
527 2102 678 2137 motus
698 2102 825 2137 motu
843 2090 1070 2138 contrario
1089 2090 1308 2138 vincitur:
1327 2091 1460 2139 habet

174 2163 291 2211 enim
312 2163 430 2211 suam
447 2164 568 2212 locus
586 2163 659 2213 ille
680 2164 944 2229 vertiginem
957 2199 972 2225 ,
990 2180 1101 2229 quae
1120 2164 1231 2228 rapit
1251 2166 1424 2212 coelum
1440 2194 1459 2224 ,

237 2311 459 2369 Sideraque
476 2310 566 2353 alta
582 2308 711 2354 trahit
724 2341 742 2366 ,
763 2307 948 2369 celerique
965 2307 1173 2357 volitmine
1189 2322 1358 2369 torquet«,

240 2455 289 2501 L.
316 2456 438 2503 Arm.
467 2458 640 2503 Seneca.
674 2457 768 2501 Vol.
798 2455 882 2503 IV0
1198 2454 1235 2499 Z,
