1730 2870
509 122 1082 171 fietsrotAE.
1351 141 1433 182 141,

156 250 278 291 rum,
315 248 426 296 quae
454 247 535 277 nos
568 242 639 276 aut
671 230 886 288 invitent,
924 244 994 278 aut
1026 230 1188 294 fugent.
1220 231 1441 285 Invitent3

160 320 207 354 ut
257 306 465 360 divitiae,
507 304 793 366 voluptates,
835 304 1008 363 forma,
1051 302 1262 360 ambitio,
1301 316 1444 351 cetera

157 378 318 426 blanda
346 389 388 422 et
413 375 658 440 arridentia.
692 379 881 439 Fugent3
918 377 1068 434 labor,
1101 393 1251 435 mors,
1288 378 1446 437 dolor,

158 446 403 512 ignominia
422 478 436 502 ,
467 447 604 495 victus
621 447 878 493 adstrictior.
899 448 1125 494 Debemus
1150 447 1297 511 itaque
1316 465 1444 496 exer-

156 519 273 576 ceri,
300 534 353 564 ne
381 517 486 564 haec
513 517 741 564 timeamus
758 550 771 573 ‚
805 535 858 564 ne
884 517 954 563 illa
976 518 1212 579 cupiamus.
1248 522 1295 565 ln
1330 536 1443 566 con-

160 589 340 638 trarium
383 605 651 652 pugnemuS,
681 605 724 636 et
759 589 812 636 ab
847 589 1126 636 invitantibus
1159 592 1450 651 recedamus,

158 664 364 711 adversus
387 662 577 726 petentia
603 661 887 708 concitemur.
912 661 1016 706 Non
1047 661 1200 719 vides,
1230 679 1362 725 quam
1379 664 1448 710 di-

158 737 307 785 versus
337 735 386 782 fit
416 734 738 781 ascendentium
768 732 968 789 habituS,
999 743 1040 778 et
1058 732 1443 782 descendentium?

159 808 238 871 qui
265 825 342 867 per
367 823 554 869 pronum
585 818 714 862 eunt,
754 804 998 866 resupinant
1028 821 1220 867 corpora
1245 823 1255 852 τ
1292 807 1368 870 qui
1401 807 1448 854 in

160 880 344 926 arduum
357 914 370 935 ‚
391 877 660 925 incumbunt.
680 877 796 921 Nam
815 875 844 921 fi
862 875 1112 935 descendas,
1132 879 1305 940 pondus
1325 880 1447 927 suum

161 953 207 999 in
235 953 427 1014 priorem
453 965 616 1013 partem
652 951 752 996 dare
775 968 785 996 :
819 950 848 995 s1
870 950 1096 1008 ascendas,
1121 966 1239 1000 retro
1260 955 1451 1002 abduce-

161 1042 238 1082 re,
275 1043 375 1071 cum
401 1024 546 1082 vitio,
576 1023 741 1081 Lucili,
774 1023 1018 1069 consentire
1046 1025 1119 1071 est.
1153 1029 1201 1071 ln
1236 1028 1448 1091 volupta-

161 1110 226 1143 tes
253 1095 522 1142 descenditur
555 1112 565 1140 :
595 1095 639 1139 in
672 1111 739 1140 res
761 1094 928 1156 asperas
953 1107 995 1141 et
1017 1095 1144 1143 duras
1177 1098 1448 1148 subeundum

161 1169 234 1216 est.
259 1169 329 1214 hic
360 1168 633 1229 impellamus
652 1172 842 1229 corpora
860 1203 873 1225 ,
907 1167 991 1214 illic
1017 1168 1323 1217 refraenemus.
1347 1173 1449 1219 Hoc

159 1258 279 1288 nunc
309 1258 378 1287 me
408 1240 623 1286 existimas
654 1240 800 1286 dicere
819 1275 833 1297 ,
864 1256 939 1286 eos
977 1253 1141 1287 tantum
1176 1245 1449 1306 perniciosos

161 1315 249 1361 efi'e
268 1315 440 1360 auribus
459 1314 612 1360 nostris
629 1350 641 1370 ,
662 1313 738 1374 qui
753 1314 1024 1375 voluptatem
1042 1316 1243 1373 laudant,
1269 1319 1344 1382 qui
1363 1319 1449 1365 do-

160 1387 267 1434 loris
285 1398 447 1432 metum
464 1422 477 1444 ,
501 1403 580 1448 per
596 1386 635 1432 se
661 1385 952 1433 formidabilis
971 1389 1058 1445 rei,
1080 1389 1329 1440 incutiunt?
1348 1394 1449 1441 Illos

162 1477 345 1524 quoque
368 1476 531 1505 nocere
558 1459 685 1505 nobis
719 1459 918 1506 existimo
939 1496 953 1517 ,
985 1462 1061 1523 qui
1091 1480 1173 1510 nos
1203 1465 1279 1510 sub
1306 1464 1451 1527 specie

163 1530 336 1576 Stoicae
358 1530 494 1576 seEtae
513 1529 747 1576 hortantur
767 1531 822 1576 ad
851 1531 970 1578 vitia.
1002 1533 1102 1580 Hoc
1129 1534 1246 1580 enim
1264 1535 1448 1583 iafitant:

163 1597 307 1650 solum
339 1603 572 1664 sapientem
604 1615 647 1648 et
679 1604 890 1660 doctum,
928 1605 1011 1652 effe
1047 1623 1299 1655 amatorem.
1335 1610 1453 1659 solus

166 1689 268 1738 apte
298 1677 350 1722 ad
383 1676 492 1722 hanc
519 1691 654 1722 artem
674 1711 687 1733 ,
731 1693 869 1739 aeque
903 1680 1185 1727 combibendi
1217 1695 1258 1728 et
1295 1685 1453 1730 convi-

165 1748 324 1807 vandi,
352 1749 514 1810 sapiens
538 1748 598 1794 est
616 1748 903 1810 peritiffimus.
927 1752 1225 1811 Quaeramus,
1247 1757 1300 1800 ad
1319 1773 1450 1819 quam

165 1823 299 1884 usque
318 1835 503 1867 aetatem
533 1820 715 1868 iuvenes
751 1822 924 1869 amandi
961 1823 1052 1869 lint.
1094 1825 1217 1873 Haec
1253 1830 1451 1876 Graecae

165 1893 474 1942 consuetudini
503 1894 599 1939 data
627 1894 739 1940 sint:
774 1911 854 1940 nos
882 1896 935 1940 ad
956 1896 1023 1942 illa
1052 1898 1197 1958 potius
1230 1917 1353 1947 aures
1381 1902 1454 1948 di-

165 1967 354 2029 rigamus
374 1983 384 2012 :
404 1968 551 2012 Nemo
581 1966 640 2012 est
670 1967 765 2013 casu
789 1968 958 2013 bonus:
988 1971 1186 2017 discenda
1215 1973 1356 2020 virtus
1377 1975 1451 2020 est,

168 2038 385 2100 Voluptas
414 2038 593 2084 humilis
620 2055 686 2084 res
713 2051 754 2083 et
781 2040 927 2100 pusilla
950 2040 1009 2086 est
1027 2078 1040 2098 ,
1067 2057 1108 2087 et
1138 2044 1183 2088 in
1207 2046 1354 2091 medio
1379 2047 1454 2092 ha-

168 2111 312 2157 benda
337 2109 506 2172 pretio,
535 2110 781 2156 communis
807 2129 905 2157 cum
935 2113 1063 2159 mutis
1081 2115 1365 2176 animalibus,
1395 2120 1453 2166 ad

167 2201 299 2247 quam
321 2184 501 2229 minima
519 2199 562 2230 et
589 2185 926 2231 contemtiffima
958 2188 1178 2233 advolant.
1198 2190 1350 2236 Gloria
1373 2210 1451 2238 va-

166 2274 274 2304 num
293 2270 334 2303 et
353 2258 531 2303 volatile
545 2258 753 2320 quiddam
774 2259 833 2304 est
850 2295 862 2314 ,
891 2277 1077 2322 auraque
1099 2262 1311 2309 mobilius.
1335 2266 1451 2312 Pau-

166 2345 310 2394 pertas
342 2331 445 2376 nulli
473 2332 634 2376 malum
663 2332 751 2388 est,
786 2332 861 2376 nisi
893 2337 1163 2394 repugnanti.
1197 2339 1322 2384 Mors
1350 2356 1446 2384 ma-

166 2405 258 2452 lum
281 2422 374 2453 non
399 2404 487 2452 est:
511 2406 617 2469 quid
636 2406 863 2470 quereris?
884 2407 972 2454 sola
991 2408 1056 2455 ius
1082 2425 1270 2473 acquum
1295 2410 1355 2459 est
1374 2429 1450 2476 ge-·⁴
