1730 2870
226 194 282 239 ιε
480 191 881 259 [ἎΑΝΝΑΕῙ
931 193 1275 240 SENECAE

218 300 319 345 c'um
351 298 588 344 audiuntur
607 333 620 356 ‚
650 310 860 360 gemunt:
888 311 932 346 et
960 301 1078 347 taciti
1112 302 1365 365 quietique,
1394 303 1498 351 dum

218 371 433 419 secretum
465 370 556 426 est;
591 388 690 417 cum
725 371 895 434 aliquos
931 372 1154 430 viderint,
1177 374 1222 420 in
1251 374 1379 423 fletus
1413 393 1500 422 no-

217 459 304 500 vos
339 442 596 488 excitantur.
646 443 763 488 Tum
800 443 930 505 capiti
966 441 1045 490 suo
1081 463 1232 493 manus
1264 447 1501 511 ingerunt,

219 518 343 580 quod
366 529 601 579 potuerant
628 517 769 563 facere
785 549 799 572 ,
829 517 950 564 nullo
974 519 1264 580 prohibente,
1290 521 1469 567 liberius
1489 538 1500 567 :

217 605 324 638 tunc
357 603 545 636 mortem
586 601 927 650 comprecantur
959 588 1066 645 fibi,
1093 592 1391 653 tunoleftulo
1422 594 1501 638 de-

219 664 474 712 volvuntur.
492 662 592 710 Sine
615 662 852 724 spectatore
867 661 997 710 cessat
1017 663 1160 709 dolor.
1180 665 1383 727 Sequitur
1405 682 1502 721 nos,

217 749 265 784 ut
286 737 331 782 in
361 735 452 782 aliis
474 735 602 781 rebus
621 771 635 791 ,
660 734 720 780 ita
745 734 789 779 in
811 735 892 780 hac
911 751 1091 798 quoque
1120 736 1208 782 hoc
1232 736 1388 784 vitium
1404 773 1416 794 ‚
1448 738 1503 783 ad

218 810 412 873 plurium
449 807 647 869 exempla
693 806 935 868 componi;
981 824 1064 853 nec
1111 808 1218 871 quid
1253 820 1504 870 oporteat,

218 883 292 930 sed
321 882 431 944 quid
463 880 627 942 soleat,
664 879 899 941 adspicere.
943 881 981 924 A
1011 894 1162 926 natura
1196 880 1455 928 discedimus
1485 898 1499 928 ε

220 955 392 1017 populo
425 969 508 999 nos
541 953 717 1008 damus,
741 950 899 998 nullius
928 951 992 997 rei
1019 952 1142 998 bono
1175 953 1369 1011 auctori,
1392 953 1500 1000 etin

221 1027 303 1075 hac
331 1044 406 1085 re,
435 1025 540 1073 ficut
572 1026 618 1071 in
653 1024 884 1081 omnibus,
920 1023 1323 1072 inconstantiffimo.
1369 1026 1506 1072 Videt

217 1093 406 1164 aliquem
435 1099 596 1146 fortem
622 1098 667 1143 in
696 1098 811 1144 luctu
841 1097 955 1144 suo?
989 1098 1174 1161 impium
1200 1110 1362 1156 vocat,
1381 1110 1424 1145 et
1441 1098 1505 1144 ef-

221 1173 422 1220 feratum.
452 1173 583 1218 Videt
603 1171 791 1235 aliquem
819 1171 1109 1218 collabantem
1126 1207 1140 1230 ‚
1166 1185 1209 1219 et
1229 1173 1410 1235 corpori
1441 1170 1506 1218 af-

223 1247 366 1294 fusum
392 1264 403 1293 :
437 1245 738 1293 effeminatum
773 1244 861 1302 ait,
889 1260 932 1292 et
962 1262 1186 1293 enervem.
1228 1247 1393 1293 Omnia
1420 1247 1505 1292 ita-

223 1337 309 1383 que
336 1321 391 1366 ad
419 1319 635 1365 rationem
670 1318 925 1364 revocanda
955 1318 1065 1364 sunt.
1098 1318 1276 1366 Stultius
1304 1334 1414 1366 vero
1445 1318 1507 1365 ni·

221 1393 285 1439 hil
318 1392 406 1450 est,
438 1408 570 1455 quam
594 1391 756 1437 famam
784 1401 962 1452 captare
990 1389 1214 1449 tristitiae,
1244 1406 1288 1439 et
1306 1391 1506 1438 lacrimas

222 1466 469 1529 approbare
502 1483 514 1512 :
541 1482 648 1528 quas
676 1465 825 1511 iudico
856 1463 1035 1526 sapienti
1060 1463 1163 1511 viro
1189 1465 1292 1511 alias
1319 1464 1504 1527 permis-

224 1540 287 1587 sas
313 1540 497 1597 cadere,
529 1540 632 1585 alias
668 1539 717 1586 vi
749 1540 819 1585 sua
845 1538 961 1584 latas.
1001 1539 1162 1585 Dicam
1192 1539 1297 1601 quid
1329 1537 1507 1584 intersit.

223 1613 340 1658 Cum
369 1611 558 1673 primum
596 1628 678 1658 nos
712 1611 888 1657 nuntius
916 1609 1062 1656 acerbi
1094 1609 1258 1655 funeris
1284 1609 1467 1670 perculit
1494 1643 1507 1664 ,

226 1701 328 1730 cum
361 1700 556 1731 tenemus
590 1700 752 1745 corpus
775 1700 800 1729 e
833 1682 1071 1744 complexu
1101 1681 1253 1727 nostro
1281 1680 1328 1727 in
1357 1681 1506 1743 ignem

225 1755 502 1803 transiturum
518 1792 533 1812 ‚
563 1756 762 1801 lacrimas
790 1753 995 1800 naturalis
1021 1752 1242 1800 neceffitas
1270 1753 1475 1814 exprimit
1497 1770 1507 1798 :

225 1840 269 1874 et
294 1827 466 1890 spiritus
487 1827 573 1874 ictu
594 1827 762 1872 doloris
783 1826 992 1888 impulsus
1006 1857 1020 1881 ‚
1046 1826 1423 1889 quemadmodum
1443 1841 1508 1872 to·

225 1914 319 1947 tum
346 1916 507 1962 corpus
541 1899 681 1962 quatit
700 1935 713 1956 ‚
745 1898 802 1944 ita
827 1898 1010 1955 oculos,
1044 1897 1202 1961 quibus
1237 1897 1505 1945 adiacentem

226 1973 460 2018 humorem
494 1971 733 2034 perpremit
767 1982 808 2016 et
841 1970 1029 2032 expellit.
1077 1972 1172 2017 Hae
1197 1971 1400 2017 lacrimae
1427 1987 1508 2032 per

229 2043 452 2091 elisionem
474 2043 660 2099 cadunt,
684 2041 933 2088 nolentibus
961 2041 1104 2088 nobis.
1123 2041 1243 2088 Aliae
1263 2041 1383 2099 sunt,
1405 2042 1507 2105 qui-

230 2115 310 2162 bus
330 2114 494 2162 exitum
522 2115 672 2161 damus
687 2151 700 2171 ‚
726 2132 826 2161 cum
844 2116 1060 2161 memoria
1086 2131 1242 2162 eorum
1264 2132 1376 2179 quos
1395 2116 1507 2162 ami-

226 2187 358 2233 simus
382 2188 660 2233 retractatur:
684 2199 724 2232 et
747 2185 853 2232 inest
882 2187 1091 2249 quiddam
1118 2187 1243 2234 dulce
1277 2187 1474 2234 tristitiae
1493 2205 1508 2232 t

228 2277 329 2307 cum
359 2275 601 2307 occurrunt
634 2261 852 2308 sermones
882 2278 1040 2308 eorum
1070 2260 1276 2318 iucundi,
1313 2277 1509 2307 conver-

230 2333 339 2380 satio
372 2334 547 2391 hilaris,
582 2334 776 2381 officiosa
814 2336 980 2397 pietas,
1011 2348 1117 2383 tunc
1151 2335 1269 2382 oculi
1303 2335 1425 2382 velut
1461 2335 1508 2381 in

231 2406 393 2467 gaudio
419 2408 676 2454 relaxantur.
713 2408 792 2455 His
818 2409 1127 2473 indulgemus,
1159 2409 1244 2456 illis
1274 2408 1508 2456 vincimur.
1564 2434 1568 2435 ν

230 2481 338 2529 Non
360 2479 421 2530 est
447 2482 621 2546 itaque,
642 2482 763 2545 quod
789 2481 989 2533 lacrimas
1015 2496 1199 2547 propter
1226 2479 1507 2533 circumstan-
