1730 2870
221 89 331 161 ssffi
461 86 1285 150 L.ANNAE18ENECAE

231 214 325 263 quo
341 199 468 265 plura
486 201 690 264 opposita
707 202 804 251 sunt
821 239 834 262 ‚
859 205 956 268 plus
974 205 1143 256 invenit
1161 209 1338 260 virium.
1360 211 1522 264 Omnis

232 270 351 320 enim
367 272 441 322 illa
464 274 578 323 unda
596 291 707 339 quae
733 293 757 324 a
776 289 904 341 tergo
921 279 1201 342 supervenit,
1221 296 1263 331 et
1281 285 1325 331 in
1344 284 1385 333 se
1405 285 1518 333 cres·-

217 343 317 400 tit,
336 361 450 405 ¹'cnm
470 361 584 394 onus
602 346 724 395 suum
747 347 957 397 sustinere¹
972 367 1064 398 non
1084 354 1256 415 potuit,
1282 355 1375 403 vim
1393 357 1520 405 ruina

229 428 377 479 parat,
393 429 436 462 et
454 433 596 480 prona
613 435 711 466 cum
733 419 832 483 ipsis
848 437 959 485 quae
978 424 1238 472 obiacebant
1253 425 1377 491 fugit.
1395 428 1517 475 Idem

229 488 386 552 spiritu
408 488 458 538 fit
475 507 491 537 ε
520 491 597 555 qui
625 508 720 556 quo
749 494 971 559 valentior
997 496 1241 561 agiliorque
1269 498 1358 558 est,
1390 499 1521 548 citius

229 561 422 624 rapitur,
457 574 500 612 et
518 564 828 615 vehementius.
853 567 994 632 septus
1023 585 1179 617 omnes
1199 570 1419 620 disturbat.
1453 576 1520 620 Ex

231 650 325 698 quo
342 649 489 683 motus
506 635 555 684 fit
575 636 739 687 scilicet
757 639 852 688 eius
879 640 1010 702 partis
1024 677 1039 699 ,
1070 640 1149 688 sub
1172 657 1258 705 qua
1277 659 1520 708 pugnatum

230 706 308 754 est.
324 708 466 768 Quod
486 709 666 770 dicitur,
683 728 841 760 verum
862 711 947 761 effe
966 730 1019 760 ex
1036 712 1117 760 illo
1137 714 1378 777 probatur:
1396 717 1521 779 saepe

229 782 348 830 enim
364 800 463 833 cum
489 800 628 832 terrae
648 800 800 837 motus
817 786 924 845 fuit,
943 786 974 837 fi
993 788 1133 839 modo
1150 804 1251 851 pars
1270 788 1361 836 eius
1378 788 1521 853 aliqua

231 855 408 919 dirupta
439 856 528 916 est,
558 857 661 906 inde
689 874 848 907 ventus
879 877 959 923 per
983 861 1145 908 multos
1173 861 1265 909 dies
1286 861 1446 910 fluxit:
1472 874 1525 914 ut

231 928 417 975 traditur
439 928 600 979 fabium
627 948 685 978 eo
703 943 998 991 terraemotu,
1025 950 1117 997 quo
1141 934 1319 986 Chalcis
1346 936 1524 983 labora-

231 999 298 1048 vit
317 1017 328 1047 :
351 1003 473 1064 quod
492 1004 607 1066 apud
627 1003 990 1068 Asclepiodotum
1011 1005 1212 1055 invenies
1227 1043 1240 1065 ‚
1270 1008 1524 1057 auditorem

230 1075 488 1136 Posidonii,
520 1076 566 1123 in
602 1076 719 1139 ipfiff
734 1077 1044 1140 quaestionum
1082 1078 1340 1126 naturalium
1375 1081 1529 1133 causis²

230 1151 433 1200 Invenies
453 1163 495 1201 et
512 1151 629 1215 apud
654 1150 764 1197 alios
784 1150 982 1198 auf-iores
998 1184 1011 1206 ‚
1043 1150 1176 1197 hiaffe
1194 1168 1285 1198 uno
1308 1152 1414 1200 loco
1436 1165 1522 1201 ter-

233 1243 325 1275 ram
344 1260 359 1283 ,
386 1237 428 1272 et
447 1224 550 1273 inde
574 1240 665 1270 non
691 1222 855 1287 exiguo
888 1234 1092 1287 tempore
1117 1222 1290 1286 spirasse
1306 1232 1488 1273 ventum
1509 1242 1523 1273 ε

232 1298 310 1362 qui
338 1298 499 1351 scilicet
519 1297 626 1347 illud
650 1296 732 1345 iter
758 1296 847 1360 ipse
875 1295 953 1346 fibi
981 1295 1174 1354 fecerat,
1206 1312 1286 1360 per
1305 1298 1428 1361 quod
1450 1298 1521 1346 fe-

231 1371 423 1420 rebatur.
501 1423 503 1425 ‚

297 1447 464 1495 XVIII.
485 1443 681 1492 Maxima
698 1461 807 1509 ergo
825 1444 950 1494 causa
968 1444 1029 1493 est
1047 1480 1061 1503 ,
1079 1459 1263 1509 propter
1282 1462 1415 1509 quam
1434 1460 1527 1493 ter-

234 1536 283 1567 ra
299 1529 534 1566 moveatur
551 1553 567 1575 ,
596 1516 769 1581 spiritus
795 1532 947 1564 natura
967 1517 1103 1574 citus,
1130 1530 1173 1564 et
1204 1518 1354 1565 locum
1373 1536 1396 1565 e
1415 1519 1522 1566 loco

233 1606 418 1641 mutans.
450 1592 536 1640 Hic
565 1592 774 1655 quamdiu
802 1609 894 1641 non
923 1591 1192 1655 impellitur,
1216 1605 1258 1639 et
1288 1592 1332 1638 in
1348 1593 1523 1641 vacanti

233 1667 373 1730 spatio
399 1668 531 1724 latet,
558 1665 670 1714 iacet
702 1664 936 1722 innoxius,
961 1681 1047 1711 nec·
1069 1665 1358 1713 circumieffis
1376 1665 1525 1713 mole-2

233 1739 320 1787 stus
337 1739 410 1786 est.
433 1738 527 1789 Ubi
546 1738 669 1785 illum
689 1738 956 1786 extrinsecus
979 1737 1289 1801 superveniens
1308 1738 1431 1787 causa
1448 1739 1522 1786 [οε-

235 1812 371 1860 licitat
383 1849 397 1872 ‚
417 1811 733 1876 compellitque
750 1823 793 1858 et
811 1811 856 1858 in
873 1813 1040 1858 arstum
1061 1810 1149 1875 agit
1162 1847 1176 1870 ,
1198 1810 1357 1859 scilicet
1376 1811 1523 1860 adhuc·

233 1885 352 1935 cedit
375 1898 571 1944 tantu-m,
598 1898 641 1932 et
668 1896 862 1948 vagatur.
890 1884 981 1931 Ubi
1009 1897 1156 1947 erepta
1183 1885 1432 1935 discedendi
1457 1884 1523 1935 fa*

235 1960 372 2010 cultas
397 1958 486 2016 est,
513 1970 556 2006 et
578 1958 776 2022 undique>
800 1957 1020 2005 obsistitur
1036 1991 1050 2014 ‚
1077 1969 1183 2007 tunc

489 2086 643 2130 magno
663 2086 753 2113 cum
773 2083 976 2112 murmure
994 2066 1148 2113 montis

304 2151 342 2194 C
341 2151 466 2224 iteum
486 2151 658 2216 claustra
667 2149 816 2208 fremit
825 2187 839 2208 ,

235 2274 349 2322 quae
380 2258 457 2306 diu
483 2257 644 2322 pulsata
665 2258 879 2306 convellit
902 2274 953 2305 ac
973 2257 1103 2304 iassat
1123 2271 1210 2304 :eo
1228 2254 1399 2312 acrior,
1426 2269 1524 2317 quo

238 2347 343 2379 cum
364 2332 606 2380 valentiore
628 2349 754 2379 mora
782 2333 963 2380 lufiatus
993 2331 1064 2378 est.
1091 2331 1268 2379 Deinde
1287 2347 1387 2378 cum
1409 2329 1524 2379 circa

237 2403 517 2468 perlustravit
532 2422 666 2456 omne
683 2421 774 2472 quo
793 2405 1042 2466 tenebatur,
1060 2420 1140 2453 nec
1159 2402 1303 2468 potuit
1319 2400 1528 2460 evadere9
