1730 2870
409 117 496 168 DE
530 117 751 164 MORTE
785 116 876 164 ct„
912 115 1208 163 CAESAmS.
1346 117 1457 179 379

158 239 269 288 quo
298 223 503 287 princeps
531 221 670 269 fastus
697 220 785 279 est,
819 219 1026 268 omnibus
1062 218 1211 273 annis,
1247 217 1457 265 omnibus

179 297 394 344 mensibus
411 295 609 342 efferunt,
633 298 684 343 Et
702 310 847 342 tamen
869 311 958 340 non
979 292 1039 340 est
1056 294 1214 340 mirum
1233 291 1262 338 fi
1284 307 1456 338 errant:

175 370 326 414 horam
348 367 438 413 eius
459 383 591 414 nemo
613 368 755 414 novit.
793 367 941 413 Nemo
975 367 1090 412 enim
1115 366 1241 412 illum
1261 380 1456 429 unquam

175 453 322 487 natum
341 441 522 503 putavit.
552 443 634 488 Fac
653 441 777 505 quod
795 440 1043 487 faciendum
1062 438 1136 486 est.

243 566 364 610 Dede
386 566 489 611 neci.
517 567 659 610 melior
675 564 908 629 vacuastne
924 578 1056 626 regnet
1074 565 1119 608 in
1138 565 1249 609 aula.

176 682 258 728 Sed
282 682 448 730 Clotho
469 700 479 728 :
502 684 595 746 Ego
623 682 896 737 mehercule,
928 681 1096 745 inquit,
1127 680 1323 743 pusillum
1343 694 1459 727 tem-

178 755 296 817 poris
327 756 512 802 adiicere
537 756 597 801 illi
620 756 822 802 volebam
840 791 853 813 ‚
881 756 986 801 dum
1012 755 1092 801 bos
1113 754 1350 816 pauculos,
1383 753 1457 815 qui

179 828 425 892 supersunt,
460 830 634 878 civitate
657 831 851 876 donaret.
882 828 1178 876 Constituerat
1210 828 1326 874 enim
1356 845 1459 875 om-

178 920 251 949 nes
274 904 493 961 Graecos,
514 903 666 950 Gallos
684 940 696 960 ,
721 905 935 966 Hispanos
952 935 965 956 ‚
994 903 1252 960 Britannos,
1283 915 1461 965 togatos

176 974 340 1021 videre.
366 975 448 1020 Sed
471 974 677 1037 quoniam
702 974 840 1036 placet
858 975 1029 1035 aliquos
1055 972 1309 1038 peregrinos
1328 976 1372 1019 in
1396 974 1460 1020 se-

179 1063 277 1093 men
299 1046 514 1109 relinqui,
543 1059 584 1092 et
613 1059 659 1092 tu
684 1047 739 1093 ita
767 1047 889 1094 iubes
917 1046 1038 1101 fieri,
1067 1044 1151 1092 fiat.
1185 1046 1335 1109 Aperit
1366 1061 1460 1094 mm

179 1119 395 1182 capsulam
411 1155 424 1177 ‚
443 1131 485 1165 et
506 1119 607 1166 treis
627 1119 744 1167 fusos
763 1119 944 1182 profert.
967 1122 1093 1167 Unus
1112 1131 1200 1165 erat
1219 1119 1462 1181 Augurini,

179 1194 283 1239 alter
306 1195 471 1249 Babae,
507 1195 656 1240 tertius
679 1194 865 1240 Claudii.
897 1195 1016 1246 Hos,
1046 1191 1187 1253 inquit
1206 1227 1218 1249 ,
1247 1193 1348 1238 treis
1368 1208 1461 1238 uno

177 1282 294 1312 anno
322 1265 489 1328 exiguis
519 1266 756 1313 intervallis
781 1279 1038 1328 temporum
1066 1265 1230 1311 divisos
1255 1266 1369 1311 mori
1393 1266 1462 1311 iu-

177 1336 293 1382 bebo
316 1354 326 1382 :
358 1353 436 1382 nec
457 1337 575 1381 illum
604 1336 910 1382 incomitatum
933 1337 1163 1382 dimittam.
1194 1337 1300 1382 Non
1322 1354 1462 1400 opor·

176 1423 239 1455 tet
258 1410 374 1455 enim
400 1426 501 1454 eum
518 1445 530 1466 ‚
560 1408 634 1471 qui
658 1410 799 1455 modo
824 1409 864 1456 se
887 1421 954 1456 tot
981 1409 1113 1454 millia
1139 1409 1372 1456 hominum
1393 1411 1459 1457 se·-

179 1481 355 1542 quentia
385 1480 590 1534 videbat,
621 1492 689 1526 tot
717 1481 1044 1542 praecedentia,
1075 1493 1143 1526 tot
1167 1480 1428 1528 circumfusa
1446 1518 1461 1540 ‚

179 1553 321 1599 subito
344 1553 482 1599 solum
501 1553 684 1600 destitui.
703 1553 952 1601 Contentus
969 1553 1051 1600 erit
1073 1553 1138 1600 his
1158 1552 1331 1600 interim
1353 1571 1462 1602 con—

124 1653 129 1666 ·
177 1626 432 1675 vieloribus.

246 1752 362 1796 Haec
381 1751 443 1795 ait
466 1768 482 1795 :
503 1749 545 1797 δ’
564 1752 677 1812 turpi
695 1755 941 1800 convolvens
946 1752 1141 1817 stamina
1153 1752 1280 1811 fhsb,

246 1823 604 1887 Abrupitstolidae
625 1826 773 1885 regalia
787 1840 971 1885 tempora
991 1826 1112 1871 vitae.

245 1899 313 1940 At
333 1894 514 1956 Lachesis
535 1898 720 1940 redimita
739 1914 878 1942 comas
893 1929 905 1950 ‚
930 1912 1077 1942 ornata
1098 1897 1295 1955 capillos,

244 1968 380 2012 Pieria
396 1968 548 2012 crinem
566 1971 680 2012 lauro
693 1969 952 2029 frontemque
971 1986 1174 2014 coronans
1189 2004 1203 2024 ,

249 2040 443 2087 Candida
462 2042 507 2083 de
533 2041 652 2084 niveo
662 2041 900 2099 fizbtemincz
920 2045 1054 2086 vellere
1064 2042 1230 2100 sinuit,

246 2114 367 2159 Felici
384 2115 634 2157 moderanda
654 2132 783 2158 manu
797 2132 812 2158 .·
833 2133 935 2174 quae
956 2113 1074 2159 dufla
1095 2117 1263 2160 colorem

244 2187 292 2227 A
288 2181 478 2246 ffumfire
496 2203 647 2229 novum
664 2202 679 2228 .·
700 2188 907 2230 mirantur
918 2186 1045 2244 pensa
1054 2185 1225 2244 sorores.

246 2258 442 2300 Mutatur
458 2258 551 2302 vilis
571 2258 748 2317 pretiosiz
766 2261 868 2302 lana
886 2262 1050 2303 metallo
1067 2275 1083 2303 .·

245 2332 290 2374 A
293 2347 382 2372 urea
392 2329 577 2388 formoso
596 2330 1080 2390 destefzduntficulafflo.

245 2402 330 2446 Nec
352 2404 496 2447 modus
519 2403 571 2468 ‹ss
588 2405 697 2463 illis,
719 2403 868 2463 felicia
885 2406 1030 2450 vellera
1051 2405 1234 2460 ducum,
