1730 2870
240 185 302 230 44
482 173 530 219 L.
574 173 866 221 ANNAEI
921 176 1277 224 SENECAE

238 275 363 323 domi
397 278 618 326 exercitus.
657 279 748 328 five
783 298 971 329 uxorem
1004 285 1097 331 eius
1125 285 1285 347 spectes
1322 284 1526 335 moribus

237 347 399 406 feram,
425 350 570 414 lingua
595 354 890 433 petulantem3
919 355 1008 403 five
1030 355 1191 403 liberos
1208 357 1444 412 indocile5‚
1475 368 1521 404 et

238 424 367 468 matri
388 439 516 486 quam
538 425 649 487 patri
669 425 908 475 similiores.
926 428 996 474 Sic
1013 427 1103 475 fere
1121 444 1194 475 aut
1214 428 1258 474 in
1278 429 1394 475 bello
1413 428 1519 486 fuit,

236 497 383 555 autffin
410 500 672 562 tyrannide,
695 513 766 547 aut
789 502 833 547 in
861 502 1084 555 libertate,
1112 501 1233 549 bellis
1252 520 1301 550 ac
1320 503 1519 567 tyrannis

235 559 445 618 saeviore.
480 573 646 637 Viginti
673 588 716 622 et
734 576 894 638 septem
915 579 1035 623 annis
1052 590 1292 641 pugnatum
1314 578 1401 625 est:
1422 577 1521 659 post

236 643 358 691 finita
383 662 531 702 arma,
563 648 733 712 triginta
761 653 959 714 tyrannis
981 668 1121 697 noxae
1149 651 1294 698 dedita
1314 651 1375 698 est
1400 652 1518 700 civi-

236 729 334 773 tas,
374 735 427 763 ex
465 720 620 782 quibus
658 722 855 784 plerique
894 724 1061 770 inimici
1098 736 1233 771 erant.
1269 724 1520 773 Noviffima

235 790 460 838 damnatio
488 793 549 840 est
569 795 642 840 sub
661 796 917 858 graviffimis
938 798 1188 844 hominibus
1215 797 1404 860 impleta.
1433 799 1520 845 ob-

235 862 346 909 ieffla
369 865 431 911 est
462 878 505 911 et
535 867 794 930 religionum
828 870 1039 924 violatio,
1074 884 1117 917 et
1148 870 1385 917 iuventutis
1415 887 1520 917 cor-

235 937 435 997 ruptela,
475 955 605 1000 quam
648 941 882 988 immittere
921 942 965 987 in
1003 943 1108 989 deos
1130 976 1144 998 ‚
1190 942 1234 989 in
1269 956 1437 1005 patres,
1474 942 1522 990 in

235 1008 551 1070 rempubllcam
579 1010 719 1070 §lictus
745 1012 835 1059 est:
857 1013 954 1075 post
980 1014 1084 1060 haec
1112 1031 1281 1073 carcer,
1314 1026 1356 1060 et
1383 1031 1523 1062 vene-

237 1095 356 1125 num.
389 1082 509 1128 Haec
541 1084 673 1145 usque
705 1101 762 1132 eo
793 1086 988 1133 animum
1023 1087 1211 1133 Socratis
1240 1103 1332 1133 non
1360 1103 1522 1133 move-

234 1163 363 1207 runt,
389 1167 437 1198 ut
456 1171 510 1200 ne
532 1156 698 1201 vultum
721 1156 900 1219 quidem
929 1160 1167 1206 moverint.
1201 1158 1318 1204 Illam
1342 1158 1522 1204 mirabi-

237 1223 320 1269 lem
351 1225 519 1272 laudem
541 1263 555 1283 ,
584 1241 627 1274 et
647 1228 900 1291 singularem
918 1264 930 1284 ,
950 1231 1082 1293 usque
1102 1232 1154 1276 ad
1173 1244 1416 1278 extremum
1437 1229 1523 1276 ser-

237 1297 364 1343 vavit
382 1314 391 1342 :
414 1314 505 1343 non
526 1298 776 1345 hilariorem
798 1300 1026 1362 quisquam
1042 1334 1056 1356 ‚
1077 1317 1168 1347 non
1188 1299 1420 1346 tristiorem
1440 1300 1525 1345 So-

235 1383 398 1413 cratem
420 1369 530 1416 vidit
549 1387 561 1415 :
588 1371 775 1433 aequalis
793 1371 875 1417 fuit
899 1372 943 1417 in
963 1385 1078 1418 tanta
1100 1371 1400 1432 inaequalitate
1423 1369 1523 1415 for-

233 1455 376 1486 tunae.
407 1441 486 1488 Vis
509 1441 689 1489 alterum
717 1445 998 1507 exemplum?
1031 1444 1180 1506 accipe
1207 1443 1323 1490 hunc
1352 1443 1414 1488 M.
1435 1443 1523 1488 Ca-

235 1527 387 1560 tonem
416 1516 735 1575 recentiorem,
773 1535 875 1564 cum
912 1534 1003 1581 quo
1041 1534 1084 1565 et
1118 1515 1311 1562 infestius
1345 1514 1524 1560 fortuna

235 1587 352 1648 egit,
386 1602 428 1634 et
456 1589 730 1650 pertinacius.
762 1592 849 1637 Cui
879 1608 977 1637 cum
1009 1589 1214 1635 omnibus
1244 1587 1351 1633 locis
1384 1585 1522 1631 obsti-

236 1661 379 1719 tiffet,
399 1661 630 1709 noviffime
651 1675 693 1709 et
715 1662 757 1709 in
784 1676 928 1709 morte
952 1680 962 1708 :
988 1661 1176 1708 ostendit
1198 1652 1351 1708 xtamen
1374 1658 1522 1705 virum

237 1732 397 1781 fortem
438 1735 561 1796 poffe
601 1735 739 1782 invita
782 1734 958 1783 fortuna
996 1735 1180 1791 vivere,
1223 1732 1361 1779 invita
1395 1730 1524 1777 mori.

236 1808 354 1854 Tota
387 1808 450 1854 illi
471 1826 586 1857 aetas
615 1825 690 1856 aut
715 1811 759 1856 in
790 1810 921 1857 armis
943 1809 1002 1855 est
1026 1810 1169 1856 &tecla
1197 1805 1422 1859 civilibus,
1451 1818 1523 1851 aut

237 1879 282 1925 in
304 1893 438 1927 aetate
466 1882 745 1945 concipiente
765 1883 852 1929 iam
871 1883 999 1929 civile
1017 1881 1192 1928 bellum.
1214 1882 1267 1925 Et
1290 1880 1407 1924 hunc
1423 1877 1523 1924 licet

235 1952 352 1998 dicas
383 1968 474 1999 non
507 1956 676 2013 minus,
708 1972 836 2018 quam
868 1956 1092 2001 Socratem
1111 1988 1124 2010 ,
1162 1953 1208 1997 in
1229 1950 1434 1998 servitute
1452 1949 1523 1995 vi—

235 2028 346 2075 xiffe
380 2047 392 2074 :
430 2028 506 2074 nisi
544 2028 661 2076 forte
693 2029 778 2076 Cn.
805 2028 1091 2091 Pompeium,
1122 2040 1164 2072 et
1187 2023 1442 2079 Caesarem,
1480 2034 1522 2067 et

237 2103 437 2150 Crass‘um
471 2116 595 2167 putas
619 2103 827 2150 libertatis
856 2102 998 2150 socios
1028 2099 1164 2147 fuiffe.
1197 2099 1345 2144 Nemo
1377 2107 1521 2142 muta-

235 2190 330 2224 tum
353 2178 601 2236 Catonem,
635 2176 763 2224 toties
783 2188 944 2222 mutata
976 2174 1220 2237 republica,
1252 2171 1363 2218 vidit
1384 2186 1395 2214 t
1415 2185 1522 2215 eun-

238 2254 336 2299 dem
359 2253 398 2299 se
418 2251 461 2297 in
491 2252 617 2298 omni
642 2250 748 2298 statu
768 2249 988 2313 praestitit.
1009 2252 1055 2294 ln
1075 2258 1271 2310 praetura
1285 2280 1297 2301 ,
1316 2244 1359 2289 in
1376 2244 1521 2322 repul-

238 2326 308 2383 sa,
333 2325 377 2371 in
409 2324 708 2382 accusatione,
743 2324 787 2370 in
819 2322 1085 2387 provincia,
1117 2320 1161 2366 in
1195 2318 1438 2373 concione,
1476 2332 1522 2361 m

237 2397 461 2453 exercitu,
493 2397 538 2442 in
567 2410 738 2452 morte,
761 2396 950 2458 denique
970 2395 1014 2440 in
1039 2393 1110 2439 illa
1140 2389 1404 2457 reipublicae
1421 2400 1518 2468 ‘tre-

234 2469 490 2533 pidatione,
521 2485 623 2520 cum
643 2469 760 2520 illinc
779 2467 936 2518 Caesar
967 2467 1070 2517 ess'et
1100 2466 1256 2516 decem
1271 2461 1522 2528 legionibus.
