1730 2870
366 132 630 184 NATUR.
664 132 963 197 QUAES'T.
1004 133 1126 183 LIB.
1159 133 1255 186 Vll.
1358 153 1445 205 355

172 246 254 293 bus
275 244 388 292 fusus
401 239 582 308 ‘quidem
602 238 663 290 est
685 237 797 308 ignis
810 279 823 302 ‚
848 238 923 291 sed
942 239 987 290 in
1006 245 1220 292 ‘verticem
1237 246 1419 296 tendens
1438 262 1454 298 ξ

174 330 318 364 tamen
350 328 505 363 omues
532 315 598 362 'isti
619 316 810 364 'eiusdem
837 333 969 365 notae
997 318 1120 377 sunt,
1147 315 1458 383 Cometaeque

175 391 287 437 resse
318 390 538 436 dicuntur.
565 390 775 449 'Quorum
807 406 909 436 cum
942 389 1039 454 post
1068 392 1252 454 longum
1282 405 1456 455 tempus

177 474 407 523 appareant
428 461 617 519 formae,
633 461 746 508 inter'
763 461 801 507 se
819 478 896 508 eos
913 474 1168 525 comparare
1187 458 1364 511 difficile
1376 465 1456 512 ''est-

174 533 256 578 1110
284 533 380 595 ipso
414 545 650 596 tempore,
687 545 779 597 quo
810 542 1042 596 apparent,
1075 534 1188 582 inter
1217 530 1456 598 spectantes

175 604 229 650 de
258 603 405 652 habitu
431 605 608 652 illorum
639 616 729 651 non
757 606 971 653 convenit
998 623 1009 652 :
1034 607 1104 656 sed
1131 608 1265 669 prout
1296 608 1456 673 cuique

169 677 318 724 acrior
335 678 446 725 acies
464 692 534 724 aut
552 678 776 736 hebetior,
800 678 859 724 ita
879 677 984 724 dicit
1003 694 1075 725 aut
1092 679 1349 726 lucidiorem
1370 681 1457 728 effe

175 763 247 796 aut
264 748 646 806 rubicundiorems
674 762 716 798 et
734 752 876 798 crines
892 760 966 797 'aut
987 751 1031 796 in
1057 751 1265 798 interiora
1284 753 1458 800 deduc-

172 838 242 871 tos
256 861 268 882 ‚
299 838 371 873 aut
390 823 433 872 in
453 827 584 873 later'a
606 825 780 873 divisos.
832 826 916 872 Sed
935 824 1023 872 five
1043 825 1121 871 {int
1141 824 1308 889 aliquae
1325 827 1457 874 diffe-

175 899 338 945 rentiae
370 899 569 955 illorum,
599 899 690 947 five
719 915 810 945 non
832 899 938 956 (int,
972 899 1122 946 eadem
1152 898 1259 945 fiant
1285 901 1457 948 ratione

175 973 343 1019 necesse
380 973 440 1019 est
473 973 706 1019 Cometae.
750 972 857 1019 Illud
892 989 1028 1019 unum
1063 971 1259 1019 constare
1294 973 1458 1032 debet,

177 1058 348 1107 praeter
371 1042 542 1092 solitum
574 1044 736 1108 adspici
762 1062 925 1092 novam
953 1044 1100 1092 fideris
1123 1044 1276 1092 faciem
1297 1080 1312 1102 ‚
1341 1047 1457 1093 circa

175 1114 217 1163 se
245 1119 488 1181 diffipatum
521 1114 665 1182 ignem
698 1118 917 1165 trahentis.
948 1111 1217 1177 Quibusdam
1247 1117 1458 1179 antiquo-

176 1205 272 1236 rum
291 1192 394 1236 haec
409 1188 548 1253 placet
569 1190 695 1237 ratio.
715 1190 829 1236 Cum
850 1206 904 1235 ex
924 1188 1050 1235 stellis
1068 1189 1307 1235 errantibus
1325 1190 1458 1236 altera

178 1263 219 1308 se
243 1263 363 1309 alteri
383 1259 615 1325 applicuit,
637 1261 824 1309 confuso
843 1262 887 1306 in
909 1278 1045 1307 unum
1069 1261 1253 1306 duarum
1271 1260 1468 1321 lumine„

147 1384 151 1394 ⁴
177 1335 331 1382 faciem
358 1335 571 1399 longioris
601 1334 745 1380 sideris
771 1334 908 1380 reddi.
933 1335 1028 1380 Nec
1048 1334 1135 1379 hoc
1162 1346 1267 1381 tunc
1285 1345 1455 1380 tantum

177 1407 352 1461 evenit,
373 1423 472 1453 cum
495 1405 608 1452 stella
627 1402 791 1453 stellam
814 1405 978 1468 attigit,
1011 1405 1083 1451 sed
1106 1405 1234 1452 etiam
1254 1422 1354 1452 cum
1379 1423 1456 1468 ap-

178 1481 504 1543 propinquavit.
525 1480 804 1527 Intervallum
828 1479 942 1525 enim
955 1514 971 1536 ,
987 1470 1110 1542 quod
1128 1480 1364 1528 inter'duas
1381 1480 1459 1538 est,

180 1554 408 1601 illustratur
439 1555 492 1601 ab
522 1571 735 1618 utraque,
766 1553 1173 1617 inflammaturque,
1203 1566 1247 1601 et
1273 1556 1457 1618 longum

180 1628 324 1691 ignem
350 1628 495 1674 efficit.

245 1700 343 1746 X11.
367 1701 445 1746 His
471 1700 578 1747 illud
597 1697 957 1764 respondebimus
971 1735 984 1757 ‚
1011 1712 1179 1747 certum
1197 1699 1282 1747 effe
1301 1718 1455 1748 nume-

181 1787 276 1817 rum
293 1771 506 1817 stellarum
539 1772 783 1818 mobilium.
814 1770 962 1818 Soiere
988 1784 1129 1818 autem
1158 1772 1316 1819 eodem
1344 1786 1460 1820 tem-

182 1863 290 1908 pore
312 1862 355 1893 et
371 1849 448 1894 has
470 1864 680 1910 apparere
694 1884 707 1907 ‚
742 1860 786 1895 et
807 1848 1039 1894 Cometen.
1074 1843 1140 1894 Ex
1162 1865 1253 1912 quo
1275 1848 1460 1897 manife-

184 1919 292 1966 stum
314 1919 388 1978 fit,
413 1937 502 1966 non
523 1920 696 1967 illarum
720 1920 842 1967 coitu
861 1919 954 1966 fieri
973 1921 1192 1967 Cometen
1207 1956 1221 1978 ‚
1251 1920 1322 1967 sed
1353 1937 1460 1982 pro—

183 1993 328 2056 prium
366 2006 409 2038 et
436 1993 498 2039 sui
529 1993 636 2040 iuris
660 1993 761 2040 effe.
785 1990 1035 2040 Etiamnum
1060 1984 1310 2056 frequenter
1344 1993 1466 2040 stella-

183 2068 258 2115 sub
288 2069 452 2115 altioris
474 2067 612 2115 stellae
634 2067 863 2132 vestigium
896 2068 1046 2115 venit:
1077 2079 1119 2129 et
1149 2068 1354 2115 Saturnus
1381 2068 1462 2113 ali-

184 2141 361 2203 quando
379 2140 503 2202 supra
523 2144 676 2188 Iovem
694 2141 755 2187 est
769 2177 781 2198 ,
813 2154 856 2187 et
875 2143 992 2188 Mars
1011 2142 1226 2187 Venerem
1248 2154 1322 2187 aut
1341 2143 1463 2186 Μετε-

183 2213 353 2281 curium
372 2214 482 2260 resta
503 2212 615 2259 linea
634 2213 812 2275 despicit
831 2231 842 2260 ε
862 2231 943 2260 nec
970 2224 1114 2259 tamen
1142 2226 1324 2276 propter
1343 2215 1464 2261 hunc

185 2285 355 2331 cursum
371 2320 385 2343 ,
414 2302 514 2331 cum
534 2285 640 2332 alter
659 2286 839 2332 alterum
861 2285 971 2333 subit
988 2319 1002 2342 ,
1022 2287 1232 2333 Cometes
1251 2277 1327 2335 fit:
1349 2286 1466 2333 alio«¹

183 2357 291 2417 quin
325 2358 449 2404 annis
476 2358 682 2405 omnibus
708 2358 832 2405 fieret
863 2376 874 2404 t
907 2359 1112 2406 omnibus
1139 2359 1257 2405 enirn
1295 2359 1465 2421 aliquae

184 2427 324 2476 stellae
341 2428 385 2474 in
403 2429 560 2495 eodem
578 2427 700 2493 figno
718 2429 839 2476 fimul
858 2429 966 2478 sunt.
986 2431 1031 2477 Si
1050 2430 1286 2477 Cometam
1304 2430 1464 2478 faceret

1103 2505 1202 2552 Ζ).
