1730 2870
512 162 1091 209 EPISTOLAE.
1381 180 1433 227 35

167 270 264 319 rat?
286 268 317 316 fi
338 268 374 316 is
398 285 609 333 quoque,
636 268 713 333 qui
740 269 906 316 tamdiu
934 267 1129 315 animum
1163 266 1324 316 iudicat
1352 286 1443 315 ma-

168 359 273 391 nere
289 373 304 397 ,
330 340 538 405 quamdiu
564 341 771 388 retinetur
800 341 1002 405 corporis
1029 341 1240 396 vincu103
1267 341 1445 388 exlolu-

170 431 293 493 tum,
323 413 460 460 statim
487 413 657 477 spargi3
688 413 734 460 id
758 414 872 478 agit,
895 428 943 462 ut
971 414 1099 462 etiam
1131 413 1229 477 post
1256 429 1446 461 mortem

169 450 293 533 utilis
302 484 385 533 effe
410 485 554 549 poffit.
586 486 808 546 Quamvis
830 485 948 533 enim
971 485 1062 548 ipse
1081 496 1253 549 ereptus
1272 485 1322 533 fit
1339 501 1447 533 ocu-

171 560 246 618 lis,
276 573 423 607 tamen

242 685 384 729 Multa
410 682 487 729 viri
511 684 639 728 virtus
670 682 816 728 animo
834 717 848 741 ,
873 686 1102 744 multusque
1129 683 1305 744 recurfize

246 757 395 802 Gentis
425 756 570 802 honos.

176 879 363 942 Cogita,
387 890 598 943 quantum
617 878 746 926 nobis
774 877 974 940 exempla
995 878 1113 924 bona
1131 877 1327 940 profint:
1349 876 1456 925 scies

175 968 439 1015 magnorum
457 950 657 998 virorum
673 986 687 1010 ,
708 966 800 997 non
818 951 960 998 minus
980 950 1216 1014 praesentia
1229 985 1244 1009 ,
1264 950 1348 999 effe
1366 950 1455 998 uti-

177 1025 263 1073 lem
285 1023 561 1086 memoriam,

468 1163 944 1210 ΕΡιετοιΛ
1019 1163 1169 1210 CIII.

182 1311 357 1358 Malitia
387 1309 431 1357 δ’
459 1310 628 1374 insidiae
655 1313 760 1357 inter
775 1311 826 1371 fi
852 1311 1080 1356 hominum.
1112 1311 1179 1355 Tu
1209 1324 1346 1354 tamen
1373 1327 1460 1354 non

246 1391 383 1435 eadem
399 1390 573 1450 facito,
601 1406 677 1437 aut
709 1408 854 1453 repone
880 1408 896 1437 :
912 1390 994 1451 fid
1018 1391 1136 1437 mitis
1168 1390 1215 1434 in
1241 1407 1383 1436 omnes
1417 1387 1462 1435 ὃ·

247 1474 386 1517 volens
415 1470 506 1536 esto*

342 1658 450 1691 U1D
475 1642 552 1690 ista
583 1641 876 1705 circumspicis
892 1677 905 1699 ‚
938 1659 1050 1705 quae
1074 1640 1154 1688 tibi
1177 1641 1354 1704 poffunt
1373 1642 1465 1691 for·

187 1719 291 1764 tass'e
306 1717 482 1764 evenire
497 1753 510 1775 ,
532 1717 604 1764 sed
623 1716 798 1778 poffunt
813 1718 961 1762 et'non
980 1715 1156 1763 evenire
1172 1715 1190 1763 ἓ
1209 1716 1463 1764 incendium

193 1791 323 1847 dice,
355 1791 552 1846 ruinam,
586 1790 785 1851 aliaque,
819 1805 934 1851 quae
963 1787 1090 1834 nobis
1118 1787 1346 1847 incidunt,
1376 1806 1470 1838 non

192 1863 474 1910 insidiantur:
505 1861 577 1907 illa
604 1861 752 1924 potius
784 1860 912 1917 vide,
943 1861 1015 1907 illa
1044 1861 1218 1919 devita,
1247 1878 1360 1925 quae
1388 1877 1471 1909 nos

192 1935 451 1991 observant,
488 1950 599 1997 quae
636 1946 821 1995 captant.
857 1934 958 1980 Rari
992 1933 1089 1981 sunt
1124 1936 1271 1993 casus,
1309 1934 1472 1982 etiamfi

194 2025 347 2072 graves
361 2043 373 2065 ,
393 2007 667 2069 naufragium
687 2008 856 2064 facere,
885 2008 1093 2055 vehiculo
1115 2007 1255 2056 everti
1275 2026 1285 2054 :
1306 2009 1359 2055 ab
1385 2008 1473 2054 ho—

196 2080 312 2127 mine
334 2079 506 2125 homini
534 2080 840 2142 quotidianum
864 2081 1123 2141 periculum.
1150 2082 1368 2129 Adversus
1388 2083 1475 2131 hoc

198 2166 240 2200 te
258 2153 443 2214 expedi,
473 2152 561 2198 hoc
578 2152 753 2198 intentis
780 2153 919 2199 oculis
948 2154 1127 2200 intuere.
1152 2153 1331 2199 Nullum
1357 2153 1476 2201 enim

198 2227 360 2272 malum
409 2226 678 2289 frequentius
703 2260 718 2283 ‚
761 2227 924 2272 nullum
966 2226 1228 2289 pertinacius
1249 2262 1264 2284 ‚
1308 2228 1477 2276 nullum

200 2301 409 2349 blandius.
426 2301 679 2363 Tempestas
697 2302 887 2348 minatur
900 2338 914 2359 ‚
939 2317 1168 2364 antequam
1186 2302 1325 2365 surgat
1345 2320 1357 2347 τ
1380 2320 1479 2350 cre-

202 2389 306 2439 pant
331 2373 554 2430 aedificia‚
584 2389 816 2437 antequam
846 2389 1086 2421 corruant:
1114 2376 1381 2437 praenuntiat
1408 2375 1479 2423 fu-

202 2463 299 2496 mus
317 2445 598 2508 incendium:
631 2445 772 2494 subita
800 2445 861 2496 est
885 2462 939 2494 ex
964 2446 1143 2494 homine
1168 2447 1408 2508 pernicieS,
1437 2459 1480 2499 et

1123 2517 1162 2563 C
1203 2535 1227 2565 2
