<?xml version="1.0" encoding="UTF-8"?>
<!DOCTYPE html PUBLIC "-//W3C//DTD XHTML 1.0 Transitional//EN"
    "http://www.w3.org/TR/xhtml1/DTD/xhtml1-transitional.dtd">
<html xmlns="http://www.w3.org/1999/xhtml" xml:lang="en" lang="en">
 <head>
  <title>
</title>
<meta http-equiv="Content-Type" content="text/html;charset=utf-8" />
  <meta name='ocr-system' content='tesseract 3.04.00' />
  <meta name='ocr-capabilities' content='ocr_page ocr_carea ocr_par ocr_line ocrx_word'/>
</head>
<body>
  <div class='ocr_page' id='page_1' title='image "./lannaeisenecaeph04seneuoft_0419.png"; bbox 0 0 1730 2870; ppageno 0'>
   <div class='ocr_carea' id='block_1_1' title="bbox 584 84 1498 150">
    <p class='ocr_par' dir='ltr' id='par_1_1' title="bbox 584 84 1498 150">
     <span class='ocr_line' id='line_1_1' title="bbox 584 84 1498 150; baseline -0.004 -15"><span class='ocrx_word' id='word_1_1' title='bbox 584 84 1125 135; x_wconf 81' lang='lat' dir='ltr'><strong>FRAGMENTA.</strong></span> <span class='ocrx_word' id='word_1_2' title='bbox 1403 99 1498 150; x_wconf 70' lang='lat'>413</span> 
     </span>
    </p>
   </div>
   <div class='ocr_carea' id='block_1_2' title="bbox 213 191 1506 331">
    <p class='ocr_par' dir='ltr' id='par_1_2' title="bbox 213 191 1506 331">
     <span class='ocr_line' id='line_1_2' title="bbox 213 191 1506 260; baseline -0.004 -16"><span class='ocrx_word' id='word_1_3' title='bbox 213 194 531 260; x_wconf 82' lang='lat' dir='ltr'>pulcherrimae</span> <span class='ocrx_word' id='word_1_4' title='bbox 564 193 726 241; x_wconf 85' lang='lat' dir='ltr'>iaceret</span> <span class='ocrx_word' id='word_1_5' title='bbox 747 228 760 250; x_wconf 88' lang='lat'>‚</span> <span class='ocrx_word' id='word_1_6' title='bbox 789 204 832 240; x_wconf 91' lang='lat' dir='ltr'>et</span> <span class='ocrx_word' id='word_1_7' title='bbox 848 192 937 239; x_wconf 87' lang='lat' dir='ltr'>hoc</span> <span class='ocrx_word' id='word_1_8' title='bbox 953 191 1175 238; x_wconf 83' lang='lat' dir='ltr'>ordiretur</span> <span class='ocrx_word' id='word_1_9' title='bbox 1188 225 1202 248; x_wconf 84' lang='lat'>‚</span> <span class='ocrx_word' id='word_1_10' title='bbox 1233 205 1326 254; x_wconf 90' lang='lat' dir='ltr'>quo</span> <span class='ocrx_word' id='word_1_11' title='bbox 1360 207 1506 255; x_wconf 86' lang='lat' dir='ltr'>neque</span> 
     </span>
     <span class='ocr_line' id='line_1_3' title="bbox 214 263 1505 331; baseline -0.003 -16"><span class='ocrx_word' id='word_1_12' title='bbox 214 270 351 315; x_wconf 87' lang='lat' dir='ltr'>maius</span> <span class='ocrx_word' id='word_1_13' title='bbox 368 268 608 331; x_wconf 79' lang='lat' dir='ltr'>quidquam</span> <span class='ocrx_word' id='word_1_14' title='bbox 628 267 759 312; x_wconf 90' lang='lat' dir='ltr'>novit</span> <span class='ocrx_word' id='word_1_15' title='bbox 778 281 930 311; x_wconf 86' lang='lat' dir='ltr'>natura</span> <span class='ocrx_word' id='word_1_16' title='bbox 946 298 960 322; x_wconf 88' lang='lat'><strong>,</strong></span> <span class='ocrx_word' id='word_1_17' title='bbox 988 280 1070 311; x_wconf 90' lang='lat' dir='ltr'>nec</span> <span class='ocrx_word' id='word_1_18' title='bbox 1086 263 1263 318; x_wconf 89' lang='lat' dir='ltr'>melius,</span> <span class='ocrx_word' id='word_1_19' title='bbox 1283 275 1332 310; x_wconf 94' lang='lat' dir='ltr'>ut</span> <span class='ocrx_word' id='word_1_20' title='bbox 1351 265 1505 311; x_wconf 85' lang='lat' dir='ltr'>omnia</span> 
     </span>
    </p>
   </div>
   <div class='ocr_carea' id='block_1_3' title="bbox 209 337 1506 767">
    <p class='ocr_par' dir='ltr' id='par_1_3' title="bbox 209 337 1506 679">
     <span class='ocr_line' id='line_1_4' title="bbox 211 337 1506 402; baseline -0.003 -14"><span class='ocrx_word' id='word_1_21' title='bbox 211 341 292 389; x_wconf 87' lang='lat' dir='ltr'>sub</span> <span class='ocrx_word' id='word_1_22' title='bbox 308 342 490 388; x_wconf 84' lang='lat' dir='ltr'>ducibus</span> <span class='ocrx_word' id='word_1_23' title='bbox 505 340 588 387; x_wconf 89' lang='lat' dir='ltr'>suis</span> <span class='ocrx_word' id='word_1_24' title='bbox 604 340 745 397; x_wconf 86' lang='lat' dir='ltr'>irent,</span> <span class='ocrx_word' id='word_1_25' title='bbox 766 337 968 402; x_wconf 85' lang='lat' dir='ltr'>quamvis</span> <span class='ocrx_word' id='word_1_26' title='bbox 981 337 1070 401; x_wconf 87' lang='lat' dir='ltr'>ipse</span> <span class='ocrx_word' id='word_1_27' title='bbox 1091 355 1170 400; x_wconf 89' lang='lat' dir='ltr'>per</span> <span class='ocrx_word' id='word_1_28' title='bbox 1183 350 1328 385; x_wconf 84' lang='lat' dir='ltr'>totum</span> <span class='ocrx_word' id='word_1_29' title='bbox 1340 337 1382 385; x_wconf 89' lang='lat' dir='ltr'>se</span> <span class='ocrx_word' id='word_1_30' title='bbox 1401 354 1506 384; x_wconf 89' lang='lat' dir='ltr'>cor-</span> 
     </span>
     <span class='ocr_line' id='line_1_5' title="bbox 210 409 1506 475; baseline 0 -17"><span class='ocrx_word' id='word_1_31' title='bbox 210 423 294 475; x_wconf 82' lang='lat' dir='ltr'>pus</span> <span class='ocrx_word' id='word_1_32' title='bbox 311 413 578 469; x_wconf 83' lang='lat' dir='ltr'>intenderat,</span> <span class='ocrx_word' id='word_1_33' title='bbox 595 426 742 456; x_wconf 86' lang='lat' dir='ltr'>tamen</span> <span class='ocrx_word' id='word_1_34' title='bbox 762 409 980 456; x_wconf 85' lang='lat' dir='ltr'>ministros</span> <span class='ocrx_word' id='word_1_35' title='bbox 999 409 1121 471; x_wconf 85' lang='lat' dir='ltr'>regni</span> <span class='ocrx_word' id='word_1_36' title='bbox 1141 409 1204 455; x_wconf 90' lang='lat' dir='ltr'>sui</span> <span class='ocrx_word' id='word_1_37' title='bbox 1218 409 1323 456; x_wconf 89' lang='lat' dir='ltr'>deos</span> <span class='ocrx_word' id='word_1_38' title='bbox 1341 409 1506 472; x_wconf 84' lang='lat' dir='ltr'>genuit.</span> 
     </span>
     <span class='ocr_line' id='line_1_6' title="bbox 211 481 1502 547; baseline -0.001 -18"><span class='ocrx_word' id='word_1_39' title='bbox 211 485 268 529; x_wconf 84' lang='lat' dir='ltr'>Et</span> <span class='ocrx_word' id='word_1_40' title='bbox 284 501 413 547; x_wconf 89' lang='lat' dir='ltr'>quam</span> <span class='ocrx_word' id='word_1_41' title='bbox 433 485 567 531; x_wconf 81' lang='lat' dir='ltr'>multa</span> <span class='ocrx_word' id='word_1_42' title='bbox 584 482 664 529; x_wconf 83' lang='lat' dir='ltr'>alia</span> <span class='ocrx_word' id='word_1_43' title='bbox 681 483 733 529; x_wconf 92' lang='lat' dir='ltr'>de</span> <span class='ocrx_word' id='word_1_44' title='bbox 750 483 855 530; x_wconf 89' lang='lat' dir='ltr'>Deo</span> <span class='ocrx_word' id='word_1_45' title='bbox 872 481 1030 529; x_wconf 86' lang='lat' dir='ltr'>nostris</span> <span class='ocrx_word' id='word_1_46' title='bbox 1047 481 1200 528; x_wconf 87' lang='lat' dir='ltr'>fimilia</span> <span class='ocrx_word' id='word_1_47' title='bbox 1216 481 1387 529; x_wconf 90' lang='lat' dir='ltr'>locutus</span> <span class='ocrx_word' id='word_1_48' title='bbox 1406 481 1465 534; x_wconf 87' lang='lat' dir='ltr'>est</span> <span class='ocrx_word' id='word_1_49' title='bbox 1480 482 1502 528; x_wconf 69' lang='grc' dir='ltr'>ἓ</span> 
     </span>
     <span class='ocr_line' id='line_1_7' title="bbox 212 555 1504 622; baseline -0.002 -18"><span class='ocrx_word' id='word_1_50' title='bbox 212 574 325 620; x_wconf 87' lang='lat' dir='ltr'>quae</span> <span class='ocrx_word' id='word_1_51' title='bbox 360 575 476 607; x_wconf 89' lang='lat' dir='ltr'>nunc</span> <span class='ocrx_word' id='word_1_52' title='bbox 510 557 673 606; x_wconf 86' lang='lat' dir='ltr'>differo</span> <span class='ocrx_word' id='word_1_53' title='bbox 695 589 718 617; x_wconf 80' lang='lat'><strong>,</strong></span> <span class='ocrx_word' id='word_1_54' title='bbox 746 558 870 622; x_wconf 89' lang='lat' dir='ltr'>quod</span> <span class='ocrx_word' id='word_1_55' title='bbox 907 556 1000 605; x_wconf 87' lang='lat' dir='ltr'>aliis</span> <span class='ocrx_word' id='word_1_56' title='bbox 1035 556 1144 606; x_wconf 88' lang='lat' dir='ltr'>locis</span> <span class='ocrx_word' id='word_1_57' title='bbox 1176 555 1504 620; x_wconf 81' lang='lat' dir='ltr'>opportuniora</span> 
     </span>
     <span class='ocr_line' id='line_1_8' title="bbox 209 630 319 679; baseline -0.018 -1"><span class='ocrx_word' id='word_1_58' title='bbox 209 630 319 679; x_wconf 84' lang='lat' dir='ltr'>sunt.</span> 
     </span>
    </p>

    <p class='ocr_par' dir='ltr' id='par_1_4' title="bbox 751 707 978 767">
     <span class='ocr_line' id='line_1_9' title="bbox 751 707 978 767; baseline -0.009 -15"><span class='ocrx_word' id='word_1_59' title='bbox 751 707 851 767; x_wconf 85' lang='lat' dir='ltr'><em>Cap.</em></span> <span class='ocrx_word' id='word_1_60' title='bbox 880 716 978 753; x_wconf 85' lang='lat' dir='ltr'><strong><em>VII.</em></strong></span> 
     </span>
    </p>
   </div>
   <div class='ocr_carea' id='block_1_4' title="bbox 210 821 1508 1017">
    <p class='ocr_par' dir='ltr' id='par_1_5' title="bbox 210 821 1508 1017">
     <span class='ocr_line' id='line_1_10' title="bbox 238 821 1508 887; baseline 0.001 -18"><span class='ocrx_word' id='word_1_61' title='bbox 238 841 249 850; x_wconf 55' lang='lat'>1‘</span> <span class='ocrx_word' id='word_1_62' title='bbox 277 825 332 869; x_wconf 86' lang='lat' dir='ltr'>Et</span> <span class='ocrx_word' id='word_1_63' title='bbox 351 821 412 869; x_wconf 88' lang='lat' dir='ltr'>est</span> <span class='ocrx_word' id='word_1_64' title='bbox 434 822 537 871; x_wconf 87' lang='lat' dir='ltr'>illud</span> <span class='ocrx_word' id='word_1_65' title='bbox 558 840 745 880; x_wconf 83' lang='lat' dir='ltr'>verum,</span> <span class='ocrx_word' id='word_1_66' title='bbox 773 823 895 887; x_wconf 88' lang='lat' dir='ltr'>quod</span> <span class='ocrx_word' id='word_1_67' title='bbox 924 821 1076 871; x_wconf 78' lang='lat' dir='ltr'>dixiss‘e</span> <span class='ocrx_word' id='word_1_68' title='bbox 1106 821 1151 870; x_wconf 88' lang='lat' dir='ltr'>in</span> <span class='ocrx_word' id='word_1_69' title='bbox 1169 821 1508 870; x_wconf 66' lang='lat' dir='ltr'>Exhortationis</span> 
     </span>
     <span class='ocr_line' id='line_1_11' title="bbox 210 894 1504 961; baseline 0.002 -20"><span class='ocrx_word' id='word_1_70' title='bbox 210 894 290 942; x_wconf 86' lang='lat' dir='ltr'>bus</span> <span class='ocrx_word' id='word_1_71' title='bbox 307 897 514 945; x_wconf 81' lang='lat' dir='ltr'>Senecam</span> <span class='ocrx_word' id='word_1_72' title='bbox 528 897 652 961; x_wconf 82' lang='lat' dir='ltr'>supra</span> <span class='ocrx_word' id='word_1_73' title='bbox 666 898 818 955; x_wconf 88' lang='lat' dir='ltr'>retuli,</span> <span class='ocrx_word' id='word_1_74' title='bbox 837 896 1047 944; x_wconf 82' lang='lat' dir='ltr'>Genuiffe</span> <span class='ocrx_word' id='word_1_75' title='bbox 1058 896 1184 960; x_wconf 87' lang='lat' dir='ltr'>regni</span> <span class='ocrx_word' id='word_1_76' title='bbox 1199 895 1262 944; x_wconf 88' lang='lat' dir='ltr'>sui</span> <span class='ocrx_word' id='word_1_77' title='bbox 1276 896 1504 943; x_wconf 77' lang='lat' dir='ltr'>ministros</span> 
     </span>
     <span class='ocr_line' id='line_1_12' title="bbox 211 969 376 1017; baseline 0.012 -2"><span class='ocrx_word' id='word_1_78' title='bbox 211 969 376 1017; x_wconf 81' lang='lat' dir='ltr'>Deum.</span> 
     </span>
    </p>
   </div>
   <div class='ocr_carea' id='block_1_5' title="bbox 666 1053 1050 1112">
    <p class='ocr_par' dir='ltr' id='par_1_6' title="bbox 666 1053 1050 1112">
     <span class='ocr_line' id='line_1_13' title="bbox 666 1053 1050 1112; baseline 0.003 -16"><span class='ocrx_word' id='word_1_79' title='bbox 666 1053 822 1097; x_wconf 77' lang='lat' dir='ltr'>Eodem</span> <span class='ocrx_word' id='word_1_80' title='bbox 841 1069 930 1112; x_wconf 82' lang='lat' dir='ltr'>cap.</span> <span class='ocrx_word' id='word_1_81' title='bbox 947 1063 1050 1100; x_wconf 85' lang='lat' dir='ltr'><em>VII.</em></span> 
     </span>
    </p>
   </div>
   <div class='ocr_carea' id='block_1_6' title="bbox 210 1168 1509 1525">
    <p class='ocr_par' dir='ltr' id='par_1_7' title="bbox 210 1168 1509 1525">
     <span class='ocr_line' id='line_1_14' title="bbox 275 1168 1507 1229; baseline 0.002 -15"><span class='ocrx_word' id='word_1_82' title='bbox 275 1168 418 1229; x_wconf 87' lang='lat' dir='ltr'>Quod</span> <span class='ocrx_word' id='word_1_83' title='bbox 435 1170 598 1218; x_wconf 86' lang='lat' dir='ltr'>Seneca</span> <span class='ocrx_word' id='word_1_84' title='bbox 615 1205 629 1228; x_wconf 92' lang='lat'>,</span> <span class='ocrx_word' id='word_1_85' title='bbox 648 1168 714 1218; x_wconf 86' lang='lat' dir='ltr'>vit</span> <span class='ocrx_word' id='word_1_86' title='bbox 740 1183 891 1217; x_wconf 81' lang='lat' dir='ltr'>acutus</span> <span class='ocrx_word' id='word_1_87' title='bbox 904 1205 918 1228; x_wconf 92' lang='lat'>‚</span> <span class='ocrx_word' id='word_1_88' title='bbox 939 1168 983 1215; x_wconf 86' lang='lat' dir='ltr'>in</span> <span class='ocrx_word' id='word_1_89' title='bbox 1001 1168 1391 1217; x_wconf 84' lang='lat' dir='ltr'>Exhortationibus</span> <span class='ocrx_word' id='word_1_90' title='bbox 1418 1168 1507 1216; x_wconf 84' lang='lat' dir='ltr'>suis</span> 
     </span>
     <span class='ocr_line' id='line_1_15' title="bbox 210 1240 1508 1307; baseline 0.001 -18"><span class='ocrx_word' id='word_1_91' title='bbox 210 1240 338 1290; x_wconf 81' lang='lat' dir='ltr'>vidit.</span> <span class='ocrx_word' id='word_1_92' title='bbox 357 1245 452 1290; x_wconf 81' lang='lat' dir='ltr'>Nos</span> <span class='ocrx_word' id='word_1_93' title='bbox 468 1280 483 1300; x_wconf 89' lang='lat'>‚</span> <span class='ocrx_word' id='word_1_94' title='bbox 502 1243 646 1307; x_wconf 87' lang='lat' dir='ltr'>inquit</span> <span class='ocrx_word' id='word_1_95' title='bbox 661 1279 675 1301; x_wconf 82' lang='lat'>‚</span> <span class='ocrx_word' id='word_1_96' title='bbox 696 1243 870 1290; x_wconf 80' lang='lat' dir='ltr'>aliunde</span> <span class='ocrx_word' id='word_1_97' title='bbox 889 1244 1146 1305; x_wconf 82' lang='lat' dir='ltr'>pendemus.</span> <span class='ocrx_word' id='word_1_98' title='bbox 1174 1247 1323 1307; x_wconf 76' lang='lat' dir='ltr'>ltaque</span> <span class='ocrx_word' id='word_1_99' title='bbox 1344 1245 1398 1290; x_wconf 87' lang='lat' dir='ltr'>ad</span> <span class='ocrx_word' id='word_1_100' title='bbox 1422 1244 1508 1294; x_wconf 44' lang='lat' dir='ltr'>alif</span> 
     </span>
     <span class='ocr_line' id='line_1_16' title="bbox 210 1315 1509 1378; baseline 0.003 -19"><span class='ocrx_word' id='word_1_101' title='bbox 210 1329 343 1375; x_wconf 91' lang='lat' dir='ltr'>quem</span> <span class='ocrx_word' id='word_1_102' title='bbox 367 1316 644 1378; x_wconf 85' lang='lat' dir='ltr'>respicimus,</span> <span class='ocrx_word' id='word_1_103' title='bbox 674 1316 743 1362; x_wconf 89' lang='lat' dir='ltr'>cui</span> <span class='ocrx_word' id='word_1_104' title='bbox 757 1351 771 1374; x_wconf 90' lang='lat'>‚</span> <span class='ocrx_word' id='word_1_105' title='bbox 792 1316 916 1378; x_wconf 89' lang='lat' dir='ltr'>quod</span> <span class='ocrx_word' id='word_1_106' title='bbox 934 1315 995 1362; x_wconf 88' lang='lat' dir='ltr'>est</span> <span class='ocrx_word' id='word_1_107' title='bbox 1029 1317 1251 1378; x_wconf 77' lang='lat' dir='ltr'>optimum</span> <span class='ocrx_word' id='word_1_108' title='bbox 1281 1316 1326 1362; x_wconf 87' lang='lat' dir='ltr'>in</span> <span class='ocrx_word' id='word_1_109' title='bbox 1344 1316 1472 1363; x_wconf 83' lang='lat' dir='ltr'>nobis</span> <span class='ocrx_word' id='word_1_110' title='bbox 1492 1350 1509 1370; x_wconf 91' lang='lat'><em>‚</em></span> 
     </span>
     <span class='ocr_line' id='line_1_17' title="bbox 210 1388 1507 1449; baseline 0.005 -17"><span class='ocrx_word' id='word_1_111' title='bbox 210 1388 463 1436; x_wconf 82' lang='lat' dir='ltr'>debeamus.</span> <span class='ocrx_word' id='word_1_112' title='bbox 497 1390 619 1438; x_wconf 80' lang='lat' dir='ltr'>Alius</span> <span class='ocrx_word' id='word_1_113' title='bbox 653 1406 736 1437; x_wconf 84' lang='lat' dir='ltr'>nos</span> <span class='ocrx_word' id='word_1_114' title='bbox 764 1389 903 1438; x_wconf 82' lang='lat' dir='ltr'>edidit</span> <span class='ocrx_word' id='word_1_115' title='bbox 922 1425 938 1449; x_wconf 91' lang='lat'>‚</span> <span class='ocrx_word' id='word_1_116' title='bbox 969 1389 1080 1437; x_wconf 84' lang='lat' dir='ltr'>alius</span> <span class='ocrx_word' id='word_1_117' title='bbox 1115 1389 1315 1437; x_wconf 83' lang='lat' dir='ltr'>instruxit</span> <span class='ocrx_word' id='word_1_118' title='bbox 1339 1407 1350 1437; x_wconf 91' lang='lat'><strong>:</strong></span> <span class='ocrx_word' id='word_1_119' title='bbox 1378 1392 1507 1438; x_wconf 76' lang='lat' dir='ltr'>Deus</span> 
     </span>
     <span class='ocr_line' id='line_1_18' title="bbox 210 1461 500 1525; baseline 0.007 -18"><span class='ocrx_word' id='word_1_120' title='bbox 210 1461 303 1525; x_wconf 82' lang='lat' dir='ltr'>ipse</span> <span class='ocrx_word' id='word_1_121' title='bbox 321 1461 365 1510; x_wconf 89' lang='lat' dir='ltr'>se</span> <span class='ocrx_word' id='word_1_122' title='bbox 382 1462 500 1512; x_wconf 79' lang='lat' dir='ltr'>fecit.</span> 
     </span>
    </p>
   </div>
   <div class='ocr_carea' id='block_1_7' title="bbox 588 1573 1133 1634">
    <p class='ocr_par' dir='ltr' id='par_1_8' title="bbox 588 1573 1133 1634">
     <span class='ocr_line' id='line_1_19' title="bbox 588 1573 1133 1634; baseline 0.004 -16"><span class='ocrx_word' id='word_1_123' title='bbox 588 1573 793 1633; x_wconf 78' lang='lat' dir='ltr'>Eiusdem·</span> <span class='ocrx_word' id='word_1_124' title='bbox 811 1575 881 1620; x_wconf 81' lang='lat' dir='ltr'>lib.</span> <span class='ocrx_word' id='word_1_125' title='bbox 900 1591 989 1634; x_wconf 82' lang='lat' dir='ltr'>cap.</span> <span class='ocrx_word' id='word_1_126' title='bbox 1012 1583 1133 1621; x_wconf 81' lang='lat' dir='ltr'><em>XVI.</em></span> 
     </span>
    </p>
   </div>
   <div class='ocr_carea' id='block_1_8' title="bbox 208 1695 1506 2200">
    <p class='ocr_par' dir='ltr' id='par_1_9' title="bbox 208 1695 1506 2200">
     <span class='ocr_line' id='line_1_20' title="bbox 275 1695 1505 1760; baseline 0.002 -17"><span class='ocrx_word' id='word_1_127' title='bbox 275 1697 384 1743; x_wconf 90' lang='lat' dir='ltr'>Non</span> <span class='ocrx_word' id='word_1_128' title='bbox 401 1696 575 1760; x_wconf 79' lang='lat' dir='ltr'>illepide</span> <span class='ocrx_word' id='word_1_129' title='bbox 588 1698 769 1752; x_wconf 87' lang='lat' dir='ltr'>Seneca,</span> <span class='ocrx_word' id='word_1_130' title='bbox 786 1696 831 1742; x_wconf 89' lang='lat' dir='ltr'>in</span> <span class='ocrx_word' id='word_1_131' title='bbox 848 1696 970 1743; x_wconf 85' lang='lat' dir='ltr'>libris</span> <span class='ocrx_word' id='word_1_132' title='bbox 981 1696 1163 1743; x_wconf 86' lang='lat' dir='ltr'>Moralis</span> <span class='ocrx_word' id='word_1_133' title='bbox 1175 1695 1477 1760; x_wconf 81' lang='lat' dir='ltr'>philosophiae</span> <span class='ocrx_word' id='word_1_134' title='bbox 1488 1722 1505 1752; x_wconf 75' lang='lat'>2</span> 
     </span>
     <span class='ocr_line' id='line_1_21' title="bbox 209 1769 1503 1833; baseline 0.002 -17"><span class='ocrx_word' id='word_1_135' title='bbox 209 1771 335 1831; x_wconf 86' lang='lat' dir='ltr'>Quid</span> <span class='ocrx_word' id='word_1_136' title='bbox 354 1786 462 1833; x_wconf 87' lang='lat' dir='ltr'>ergo</span> <span class='ocrx_word' id='word_1_137' title='bbox 481 1770 564 1827; x_wconf 85' lang='lat' dir='ltr'>est,</span> <span class='ocrx_word' id='word_1_138' title='bbox 578 1769 719 1833; x_wconf 86' lang='lat' dir='ltr'>inquit</span> <span class='ocrx_word' id='word_1_139' title='bbox 733 1806 746 1827; x_wconf 93' lang='lat'>‚</span> <span class='ocrx_word' id='word_1_140' title='bbox 765 1786 899 1833; x_wconf 81' lang='lat' dir='ltr'>quare</span> <span class='ocrx_word' id='word_1_141' title='bbox 917 1771 1035 1832; x_wconf 85' lang='lat' dir='ltr'>apud</span> <span class='ocrx_word' id='word_1_142' title='bbox 1054 1771 1209 1832; x_wconf 75' lang='lat' dir='ltr'>po&#39;e‘tas</span> <span class='ocrx_word' id='word_1_143' title='bbox 1227 1769 1503 1818; x_wconf 69' lang='lat' dir='ltr'>salacissimus</span> 
     </span>
     <span class='ocr_line' id='line_1_22' title="bbox 210 1842 1502 1905; baseline 0 -16"><span class='ocrx_word' id='word_1_144' title='bbox 210 1844 374 1904; x_wconf 84' lang='lat' dir='ltr'>Iupiter</span> <span class='ocrx_word' id='word_1_145' title='bbox 402 1843 571 1889; x_wconf 81' lang='lat' dir='ltr'>desierit</span> <span class='ocrx_word' id='word_1_146' title='bbox 604 1843 764 1889; x_wconf 80' lang='lat' dir='ltr'>liberos</span> <span class='ocrx_word' id='word_1_147' title='bbox 790 1842 978 1888; x_wconf 84' lang='lat' dir='ltr'>tollere?</span> <span class='ocrx_word' id='word_1_148' title='bbox 1000 1845 1162 1889; x_wconf 86' lang='lat' dir='ltr'>Utrum</span> <span class='ocrx_word' id='word_1_149' title='bbox 1199 1842 1502 1905; x_wconf 76' lang='lat' dir='ltr'>sexagenarius</span> 
     </span>
     <span class='ocr_line' id='line_1_23' title="bbox 208 1914 1502 1977; baseline -0.001 -16"><span class='ocrx_word' id='word_1_150' title='bbox 208 1915 346 1963; x_wconf 59' lang='lat' dir='ltr'>fadius</span> <span class='ocrx_word' id='word_1_151' title='bbox 361 1915 448 1970; x_wconf 89' lang='lat' dir='ltr'>est,</span> <span class='ocrx_word' id='word_1_152' title='bbox 473 1930 516 1976; x_wconf 84' lang='lat' dir='ltr'>et</span> <span class='ocrx_word' id='word_1_153' title='bbox 536 1916 596 1962; x_wconf 84' lang='lat' dir='ltr'>illi</span> <span class='ocrx_word' id='word_1_154' title='bbox 615 1916 685 1962; x_wconf 84' lang='lat' dir='ltr'>lex</span> <span class='ocrx_word' id='word_1_155' title='bbox 705 1915 837 1977; x_wconf 83' lang='lat' dir='ltr'>Papia</span> <span class='ocrx_word' id='word_1_156' title='bbox 854 1914 1033 1962; x_wconf 78' lang='lat' dir='ltr'>fibulam</span> <span class='ocrx_word' id='word_1_157' title='bbox 1064 1915 1272 1977; x_wconf 69' lang='lat' dir='ltr'>imposuit</span> <span class='ocrx_word' id='word_1_158' title='bbox 1292 1916 1309 1961; x_wconf 69' lang='grc' dir='ltr'>Ρ</span> <span class='ocrx_word' id='word_1_159' title='bbox 1332 1918 1386 1962; x_wconf 85' lang='lat' dir='ltr'>an</span> <span class='ocrx_word' id='word_1_160' title='bbox 1412 1916 1502 1961; x_wconf 85' lang='lat' dir='ltr'>im-</span> 
     </span>
     <span class='ocr_line' id='line_1_24' title="bbox 208 1987 1506 2050; baseline 0 -16"><span class='ocrx_word' id='word_1_161' title='bbox 208 1988 398 2050; x_wconf 85' lang='lat' dir='ltr'>petravit</span> <span class='ocrx_word' id='word_1_162' title='bbox 415 1988 480 2034; x_wconf 86' lang='lat' dir='ltr'>ius</span> <span class='ocrx_word' id='word_1_163' title='bbox 496 1988 631 2034; x_wconf 88' lang='lat' dir='ltr'>trium</span> <span class='ocrx_word' id='word_1_164' title='bbox 654 1987 899 2032; x_wconf 84' lang='lat' dir='ltr'>liberorum</span> <span class='ocrx_word' id='word_1_165' title='bbox 919 1988 937 2033; x_wconf 83' lang='lat'>?</span> <span class='ocrx_word' id='word_1_166' title='bbox 957 2005 1011 2033; x_wconf 83' lang='lat' dir='ltr'>an</span> <span class='ocrx_word' id='word_1_167' title='bbox 1024 1988 1200 2033; x_wconf 74' lang='lat' dir='ltr'>tandem</span> <span class='ocrx_word' id='word_1_168' title='bbox 1221 1987 1281 2032; x_wconf 84' lang='lat' dir='ltr'>illi</span> <span class='ocrx_word' id='word_1_169' title='bbox 1303 1987 1423 2033; x_wconf 78' lang='lat' dir='ltr'>venit</span> <span class='ocrx_word' id='word_1_170' title='bbox 1457 1987 1506 2034; x_wconf 82' lang='lat' dir='ltr'>in</span> 
     </span>
     <span class='ocr_line' id='line_1_25' title="bbox 211 2059 1506 2122; baseline 0.002 -16"><span class='ocrx_word' id='word_1_171' title='bbox 211 2074 402 2107; x_wconf 88' lang='lat' dir='ltr'>mentem</span> <span class='ocrx_word' id='word_1_172' title='bbox 422 2096 436 2119; x_wconf 91' lang='lat'>,</span> <span class='ocrx_word' id='word_1_173' title='bbox 465 2061 534 2106; x_wconf 89' lang='lat' dir='ltr'>Ab</span> <span class='ocrx_word' id='word_1_174' title='bbox 555 2061 642 2106; x_wconf 85' lang='lat' dir='ltr'>alio</span> <span class='ocrx_word' id='word_1_175' title='bbox 664 2059 880 2122; x_wconf 65' lang='lat' dir='ltr'>exspezf&#39;ces</span> <span class='ocrx_word' id='word_1_176' title='bbox 897 2095 911 2117; x_wconf 86' lang='lat'>,</span> <span class='ocrx_word' id='word_1_177' title='bbox 942 2059 1065 2107; x_wconf 78' lang='lat' dir='ltr'>alteri</span> <span class='ocrx_word' id='word_1_178' title='bbox 1094 2061 1216 2121; x_wconf 81' lang='lat' dir='ltr'>quod</span> <span class='ocrx_word' id='word_1_179' title='bbox 1245 2059 1438 2107; x_wconf 76' lang='lat' dir='ltr'>feceris?</span> <span class='ocrx_word' id='word_1_180' title='bbox 1460 2070 1506 2108; x_wconf 86' lang='lat' dir='ltr'>et</span> 
     </span>
     <span class='ocr_line' id='line_1_26' title="bbox 209 2133 1344 2200; baseline -0.001 -17"><span class='ocrx_word' id='word_1_181' title='bbox 209 2135 338 2183; x_wconf 81' lang='lat' dir='ltr'>timet</span> <span class='ocrx_word' id='word_1_182' title='bbox 353 2170 369 2195; x_wconf 88' lang='lat'><strong>,</strong></span> <span class='ocrx_word' id='word_1_183' title='bbox 395 2151 450 2182; x_wconf 91' lang='lat' dir='ltr'>ne</span> <span class='ocrx_word' id='word_1_184' title='bbox 469 2135 567 2200; x_wconf 83' lang='lat' dir='ltr'>quis</span> <span class='ocrx_word' id='word_1_185' title='bbox 581 2134 659 2181; x_wconf 79' lang='lat' dir='ltr'>fibi</span> <span class='ocrx_word' id='word_1_186' title='bbox 684 2133 813 2181; x_wconf 82' lang='lat' dir='ltr'>faciat</span> <span class='ocrx_word' id='word_1_187' title='bbox 832 2169 845 2190; x_wconf 88' lang='lat'>‚</span> <span class='ocrx_word' id='word_1_188' title='bbox 866 2135 990 2197; x_wconf 83' lang='lat' dir='ltr'>quod</span> <span class='ocrx_word' id='word_1_189' title='bbox 1012 2133 1102 2197; x_wconf 83' lang='lat' dir='ltr'>ipse</span> <span class='ocrx_word' id='word_1_190' title='bbox 1118 2137 1306 2181; x_wconf 80' lang='lat' dir='ltr'>Saturno</span> <span class='ocrx_word' id='word_1_191' title='bbox 1325 2134 1344 2182; x_wconf 75' lang='grc' dir='ltr'><strong>ἒ</strong></span> 
     </span>
    </p>
   </div>
   <div class='ocr_carea' id='block_1_9' title="bbox 669 2255 1051 2315">
    <p class='ocr_par' dir='ltr' id='par_1_10' title="bbox 669 2255 1051 2315">
     <span class='ocr_line' id='line_1_27' title="bbox 669 2255 1051 2315; baseline 0 -15"><span class='ocrx_word' id='word_1_192' title='bbox 669 2255 758 2300; x_wconf 77' lang='lat' dir='ltr'>Lib.</span> <span class='ocrx_word' id='word_1_193' title='bbox 781 2265 826 2298; x_wconf 88' lang='grc' dir='ltr'>ΙΙ</span> <span class='ocrx_word' id='word_1_194' title='bbox 840 2287 854 2311; x_wconf 87' lang='grc'>,</span> <span class='ocrx_word' id='word_1_195' title='bbox 876 2272 964 2315; x_wconf 77' lang='lat' dir='ltr'>cap.</span> <span class='ocrx_word' id='word_1_196' title='bbox 984 2267 1051 2300; x_wconf 66' lang='lat' dir='ltr'>II.</span> 
     </span>
    </p>
   </div>
   <div class='ocr_carea' id='block_1_10' title="bbox 277 2365 1508 2439">
    <p class='ocr_par' dir='ltr' id='par_1_11' title="bbox 277 2365 1508 2439">
     <span class='ocr_line' id='line_1_28' title="bbox 277 2365 1508 2439; baseline -0.002 -18"><span class='ocrx_word' id='word_1_197' title='bbox 277 2374 412 2422; x_wconf 72' lang='lat' dir='ltr'>Re&amp;e</span> <span class='ocrx_word' id='word_1_198' title='bbox 429 2373 562 2439; x_wconf 84' lang='lat' dir='ltr'>igitur</span> <span class='ocrx_word' id='word_1_199' title='bbox 573 2374 738 2422; x_wconf 84' lang='lat' dir='ltr'>Seneca</span> <span class='ocrx_word' id='word_1_200' title='bbox 754 2372 800 2420; x_wconf 85' lang='lat' dir='ltr'>in</span> <span class='ocrx_word' id='word_1_201' title='bbox 824 2372 944 2419; x_wconf 74' lang='lat' dir='ltr'>libris</span> <span class='ocrx_word' id='word_1_202' title='bbox 955 2365 1201 2420; x_wconf 83' lang='lat' dir='ltr'>Moralibus</span> <span class='ocrx_word' id='word_1_203' title='bbox 1213 2387 1224 2420; x_wconf 91' lang='lat'><strong>:</strong></span> <span class='ocrx_word' id='word_1_204' title='bbox 1241 2369 1479 2423; x_wconf 68' lang='lat' dir='ltr'>simulacra</span> <span class='ocrx_word' id='word_1_205' title='bbox 1489 2380 1508 2432; x_wconf 71' lang='grc'>,“</span> 
     </span>
    </p>
   </div>
  </div>
 </body>
</html>
