1730 2870
355 128 634 179 NATUR.
685 131 1281 191 QUAEST.L113.V.
1369 153 1455 201 ψ

182 250 420 294 movetur,
448 238 517 285 sed
550 237 580 283 fi
610 236 758 301 aliquo
788 239 938 286 fertur.
989 239 1134 286 Potest
1162 257 1270 304 ergo
1296 241 1463 305 aliquid

181 312 382 368 moveri,
410 322 453 357 et
486 326 576 355 non
610 309 776 358 fluere:
811 323 853 358 at
886 330 910 358 e
944 313 1166 359 contrario
1196 328 1287 360 non
1324 316 1467 376 potest

181 383 343 438 fluere,
371 382 448 428 nifi
471 382 516 427 in
549 398 681 427 unam
714 396 895 445 partem.
917 385 1001 430 Sed
1023 384 1113 432 five
1142 385 1249 433 haec
1274 387 1468 435 brevitas

183 455 278 503 satis
301 471 324 501 a
359 454 576 501 'calumnia
604 465 697 500 tuta
718 455 779 502 est
797 490 810 513 ,
841 455 922 503 hac
957 470 1162 503 utamur:
1185 458 1273 506 five
1308 460 1466 523 aliquis

181 525 539 589 circumspectior
557 527 619 574 est
632 563 647 584 ,
668 528 808 574 verbo
839 544 931 573 non
948 541 1117 590 parcat,
1140 528 1262 576 cuius
1284 531 1468 578 adiectio

179 600 502 647 cavillationem
523 615 703 645 omnem
728 598 888 661 poterit
907 599 1150 648 excludere.
1165 602 1307 651 *Nunc
1327 604 1380 649 a‘l
1396 606 1468 664 ip*-

181 673 268 719 sam
299 689 389 718 rem
413 672 668 718 accedamus
685 706 699 730 ,
725 671 938 735 quoniam
960 670 1058 718 satis
1081 673 1134 719 de
1160 672 1351 722 formula
1379 674 1469 722 dis-

182 758 383 809 putatum
412 745 485 793 est.
1277 748 1281 751 ’

249 819 298 865 ΙΙ.
336 817 626 864 Democritus
654 813 745 874 ait,
775 832 874 864 cum
904 815 949 863 in
980 817 1159 882 angusto
1187 814 1306 866 inani
1333 820 1470 869 multa

180 890 276 937 sunt
299 890 583 952 corpuscula,
610 906 722 952 quae
740 889 808 935 ille
833 900 1007 937 atomos
1024 903 1158 938 vocat
1174 924 1188 950 ,
1218 892 1335 956 sequi
1359 911 1469 941 ven-

181 979 290 1010 tum.
323 967 380 1011 At
408 977 565 1010 contra
584 999 596 1019 ‚
629 963 823 1025 quietum
857 974 899 1008 et
923 963 1140 1025 placidum
1169 966 1278 1011 aeris
1312 965 1471 1013 statum

181 1036 291 1093 effe,
311 1052 409 1082 cum
432 1036 475 1081 in
496 1036 634 1081 multo
654 1034 770 1081 inani
790 1051 926 1097 pauca
947 1036 1043 1081 sunt
1061 1037 1331 1099 corpuscula.
1351 1039 1469 1085 Nam

183 1107 560 1170 quemadmodum
593 1107 652 1171 in>
673 1105 777 1151 foro
809 1118 881 1151 aut
908 1106 1014 1153 vico
1039 1108 1246 1169 quamdiu
1276 1110 1469 1170 paucitas

179 1179 266 1237 est,
292 1179 379 1225 fine
407 1179 595 1226 tumultu
615 1179 889 1225 ambulatur:
918 1179 991 1224 ubi
1012 1179 1138 1225 turba
1165 1180 1209 1225 in
1237 1181 1467 1243 angustum

179 1252 423 1309 concurrit,
446 1252 632 1298 aliorum
665 1252 708 1297 in
734 1252 841 1298 alios
864 1251 1153 1298 incidentium
1188 1253 1284 1298 rixa
1311 1253 1359 1299 fit
1379 1271 1389 1300 :
1409 1255 1467 1303 fic

177 1325 222 1372 in
243 1327 330 1371 hoc
353 1341 444 1388 quo
472 1323 731 1371 circumdati
759 1325 904 1370 sumus
938 1324 1077 1386 spatio
1087 1355 1101 1379 ,
1128 1338 1227 1371 cum
1257 1326 1468 1389 exiguum

179 1397 326 1444 locum
359 1397 492 1444 multa
528 1412 720 1460 corpora
756 1397 1067 1460 impleverint,
1096 1397 1266 1445 necesse
1296 1399 1356 1445 est
1384 1400 1467 1447 alia

179 1469 282 1515 aliis?
300 1469 515 1527 incidant,
548 1482 590 1517 et
613 1469 891 1532 impellantur
914 1486 966 1516 ac
998 1470 1284 1532 repellantur,
1319 1471 1467 1535 impli-

181 1553 422 1602 centurque
442 1556 485 1587 et
503 1541 872 1603 comprimantur,
894 1558 948 1588 ex
967 1542 1134 1605 quibus
1147 1545 1332 1590 nascitur
1351 1558 1468 1595 ven-j

180 1625 252 1659 tus
267 1648 280 1668 ‚
302 1629 402 1659 cum
423 1614 492 1659 illa
510 1628 621 1676 quae
642 1614 1012 1672 colluctabantur,
1041 1616 1302 1674 incubuere,
1327 1630 1370 1665 et
1389 1620 1467 1667 diu

179 1685 385 1733 fluctuata
410 1703 460 1735 ac
490 1687 622 1733 dubia
655 1686 922 1734 inclinavere
953 1687 1007 1734 se,
1042 1690 1098 1734 At
1128 1688 1202 1735 ubi
1231 1688 1276 1735 in
1307 1707 1467 1754 magna

178 1759 353 1806 laxitate
381 1776 574 1822 corpora
601 1776 736 1822 pauca
755 1760 1009 1819 versantur,
1040 1776 1122 1808 nec
1150 1762 1331 1810 arietare
1358 1763 1465 1826 pos-

179 1833 278 1880 sunt
294 1868 307 1890 ,
328 1850 408 1880 nec
425 1833 602 1896 impelli.

179 1923 181 1926 ⁴
245 1906 316 1952 ΠΙ.
369 1907 472 1952 Hoc
508 1905 663 1952 falsum
699 1905 811 1965 effe,
842 1902 916 1954 vel
949 1924 1004 1954 ex
1034 1924 1091 1955 eo
1126 1904 1301 1972 colligas
1337 1909 1466 1969 licet,

181 1976 304 2038 quod
329 1991 434 2023 tunc
453 1977 630 2024 interim
660 1978 844 2026 minime
868 1993 1026 2027 ventus
1046 1979 1107 2027 est
1122 2009 1136 2034 ‚
1170 1997 1271 2027 cum
1290 1983 1365 2028 a'e'r
1383 2000 1466 2029 nuff-

180 2048 274 2094 bilo
294 2049 440 2112 gravis
459 2049 532 2097 est.
554 2051 690 2113 Atqui
707 2065 812 2098 tunc
838 2052 1024 2113 plurima
1049 2069 1240 2115 corpora
1259 2054 1300 2099 se
1320 2054 1363 2101 in
1386 2072 1464 2102 an-

178 2121 351 2184 gustum
378 2125 632 2171 contulere:
660 2137 704 2172 et
731 2123 834 2171 inde
864 2124 1129 2187 fpiffatarum
1159 2126 1343 2172 nubium
1366 2142 1464 2191 gra-

178 2194 293 2241 vitas
313 2194 387 2241 est.
414 2197 569 2245 Adiice
595 2215 711 2245 nunc
728 2229 742 2253 ‚
767 2197 891 2259 quod
918 2197 1032 2244 circa
1063 2197 1245 2244 flumina
1273 2210 1317 2245 et
1346 2199 1467 2247 lacus

177 2265 384 2328 frequens
415 2268 573 2314 nebula
605 2268 692 2324 est,
725 2269 891 2315 arctatis
924 2270 1224 2333 congestisque
1260 2273 1465 2334 corpori-

177 2338 287 2397 bus,
317 2357 398 2387 nec
415 2352 559 2387 tamen
579 2356 735 2389 ventus
761 2341 833 2389 est.
877 2344 1096 2388 Interdum
1117 2359 1228 2391 vero
1250 2355 1366 2391 tanta
1391 2356 1467 2392 cae‘

172 2410 273 2476 *ligo
304 2412 582 2479 offunditur,
608 2430 657 2464 ut
689 2415 972 2479 conspectum
1006 2416 1051 2466 in
1080 2415 1236 2464 vicino
1260 2416 1464 2469 stantium

541 2495 547 2500 '
1100 2490 1144 2538 T
1181 2506 1208 2537 2.
