1730 2870
267 152 328 206 46
517 153 567 198 L.
612 150 896 195 ANNAEI
945 127 1287 196 SENECAE·

266 273 353 319 que
376 256 579 303 adversus
609 256 685 302 ista
714 267 883 302 tantum
915 255 1077 303 habere
1109 256 1273 304 animi:
1294 256 1424 305 libeat
1447 273 1548 305 mo-

263 330 325 375 do
360 328 597 375 subducere
620 329 727 392 iugo
751 328 928 380 collum.
973 332 1023 375 ln
1048 330 1201 392 primis
1223 342 1366 377 autem
1390 329 1549 394 despu-

265 405 403 452 endae
430 404 526 451 sunt
552 404 804 466 voluptates
826 421 837 450 :
859 418 1105 461 enervant,
1129 417 1171 452 et
1189 403 1471 460 effeminant,
1504 417 1550 452 et

263 478 451 524 multum
477 488 644 541 petunt.
677 476 864 522 multum
890 487 1035 522 autem
1055 492 1080 521 a
1105 475 1282 522 fortuna
1307 478 1546 538 petendum

263 550 337 596 est.
390 551 566 598 Deinde
604 550 869 611 spernendae
904 565 1015 611 opes
1049 567 1061 595 :
1098 549 1424 596 auctoramenta
1452 550 1548 596 sunt

264 623 538 671 servitutum.
558 626 725 670 Aurum
745 638 787 670 et
807 634 1032 687 argentum
1048 658 1062 681 ,
1083 634 1126 670 et
1143 621 1325 687 quiquid
1343 623 1459 669 aliud
1482 623 1548 670 fe-

264 696 369 744 lices
400 696 562 760 domos
589 709 773 752 onerat,
800 695 1086 758 relinquatur.
1120 710 1212 740 non
1245 693 1386 756 potest
1413 694 1549 758 gratis

264 768 464 816 constare
502 769 689 815 libertas.
726 770 852 815 Hanc
883 766 916 814 fi
945 783 1107 830 magno
1135 765 1365 825 aestimas,
1395 765 1547 814 omnia

263 856 405 904 parvo
427 839 690 887 aestimanda
714 839 825 887 sunt.

580 970 1052 1015 EPISToLA
1132 967 1246 1015 CV.

262 1096 436 1154 Brevia,
453 1096 534 1157 fid
556 1098 699 1153 utilia,
714 1110 932 1157 praecepta
956 1099 1016 1142 ad
1041 1097 1324 1143 Securitatem.
1355 1097 1480 1159 Lege,
1500 1093 1543 1142 ὃ·

799 1169 968 1230 usurpa.

420 1357 547 1393 UAE
577 1343 850 1392 observanda
887 1341 965 1389 tibi
997 1340 1105 1400 (int,
1132 1354 1181 1390 ut
1214 1341 1352 1389 tutior
1383 1341 1544 1400 vivas,

259 1419 418 1466 dicam.
449 1420 524 1465 Tu
551 1429 698 1465 tamen
732 1417 789 1464 fic
820 1416 966 1463 audias
998 1415 1157 1463 censeo
1188 1414 1263 1461 ista
1286 1428 1544 1479 praecepta,

260 1492 496 1556 quomodo
524 1488 555 1536 fi
584 1489 664 1537 tibi
701 1489 998 1553 praeciperem
1018 1519 1034 1543 ‚
1061 1504 1147 1551 qua
1179 1488 1346 1534 ratione
1377 1489 1540 1536 bonam

259 1563 557 1612 valetudinem
576 1561 623 1609 in
650 1562 890 1612 Ardeatino
907 1562 1104 1610 tuereris.
1136 1561 1402 1618 Confidera,
1429 1579 1542 1625 quae

259 1637 342 1685 {int
367 1655 481 1701 quae
504 1636 735 1684 hominem
764 1637 811 1684 in
830 1635 1069 1699 perniciem
1095 1630 1290 1683 hominis
1316 1635 1541 1699 instigent:

256 1713 457 1762 invenies
478 1712 623 1775 spem,
642 1713 858 1760 invidiam
875 1747 890 1771 ‚
919 1712 1100 1769 odium,
1120 1723 1286 1760 metum
1301 1748 1314 1770 ‚
1337 1728 1541 1760 contem-

255 1800 368 1834 tum.
391 1788 459 1833 Ex
477 1786 683 1834 omnibus
706 1786 818 1844 istis,
846 1786 958 1834 adeo
976 1784 1241 1833 levissimum
1259 1785 1322 1833 est
1339 1799 1541 1834 contem-

258 1872 325 1907 tus
340 1895 354 1919 ,
383 1873 432 1906 ut
448 1858 577 1906 multi
596 1860 642 1906 in
661 1860 739 1906 illo
760 1859 945 1906 remedii
963 1858 1087 1907 causa
1107 1858 1368 1907 delituerint.
1393 1862 1542 1920 Quem

256 1931 356 1995 quis
378 1930 648 1989 contemnit,
679 1931 818 1978 calcat
841 1931 928 1978 sine
955 1930 1122 1987 dubio,
1149 1928 1222 1976 sed
1246 1929 1406 1977 traniit.
1450 1932 1543 1977 Ne-

259 2021 337 2051 mo
367 2001 539 2050 homini
581 2018 813 2051 contemto
844 2003 1156 2066 pertinaciter,
1191 2019 1324 2050 nemo
1356 2004 1543 2067 diligen-

255 2091 324 2123 ter
359 2090 504 2125 nocet.
553 2077 695 2123 Etiam
731 2076 776 2122 in
806 2077 897 2124 acie
931 2076 1078 2123 iacens
1106 2076 1365 2139 praeteritur
1398 2094 1409 2122 :
1438 2093 1540 2122 cum

260 2148 396 2197 stante
427 2162 658 2214 pugnatur.
705 2150 838 2211 Spem
868 2148 1180 2211 improborum
1213 2150 1400 2207 vitabis,
1429 2149 1460 2195 fi
1486 2151 1544 2198 ni-

258 2222 323 2269 hil
360 2222 561 2270 habueris
593 2224 717 2287 quod
747 2223 1034 2285 cupiditatem
1071 2223 1256 2270 alienam
1292 2237 1335 2271 et
1369 2225 1542 2286 impro-

259 2297 360 2343 bam
385 2296 523 2343 irritet
541 2332 555 2353 ‚
572 2295 600 2342 fi
622 2297 728 2343 nihil
752 2297 915 2359 iniigne
941 2297 1193 2360 paffederis.
1213 2299 1542 2362 Concupiscun-

257 2381 328 2416 tur
357 2370 475 2415 enim
513 2369 723 2432 insignia,
756 2370 922 2416 etiamsi
966 2388 1118 2433 parum
1157 2387 1264 2419 nota
1305 2372 1415 2420 sunt.
1466 2372 1538 2419 Sic

257 2456 370 2490 vero
396 2440 610 2491 invidiam
638 2441 841 2507 effugies,
863 2442 892 2489 fi
925 2455 965 2490 te
990 2460 1084 2492 non
1115 2443 1338 2509 ingesseris
1364 2445 1534 2504 oculis,
