1730 2870
305 149 364 212 98
562 150 611 195 L.
657 147 951 195 ANNAEI
1002 152 1357 200 SENECAE

302 255 424 302 niter.
457 257 567 302 Eant
606 271 653 302 ur
685 256 867 312 volent,
902 256 1005 303 dum
1029 255 1180 305 ¹animo
1213 261 1478 322 compositio
1509 263 1578 309 sua

300 328 500 384 constet,
525 328 628 374 dum
657 328 706 373 fit
725 345 930 391 magnus,
964 342 1010 375 et
1028 330 1290 391 opinionum
1309 333 1505 388 securus,
1536 348 1580 380 et
1640 350 1642 353 ’

298 401 363 446 ob
392 400 479 461 ipsa
504 417 614 463 quae
644 399 738 446 aliis
760 399 1015 461 displicent,
1041 401 1117 448 fibi
1142 403 1315 465 placens
1338 422 1348 451 :
1373 405 1449 468 qui
1469 422 1578 466 pro—

301 474 460 520 fectum
480 475 602 519 suum
622 472 712 519 vita
733 472 950 530 aestimet,
968 487 1010 518 et
1027 486 1194 521 tanturn
1216 478 1321 524 scire
1341 478 1382 526 se
1394 478 1578 537 iudicet,

295 558 507 611 quantum
536 563 628 593 non
651 547 772 610 cupit
788 582 801 604 ,
822 561 1034 611 quantum
1057 565 1147 605 non
1175 549 1310 598 timet.

556 677 1034 725 EPISTOLA
1120 678 1320 727 CXVI.

300 805 458 850 Contra
474 804 767 864 Peripateticos
778 838 791 860 ,
812 804 1112 863 exstindendos
1128 806 1177 853 A
1172 801 1321 867 ffeffus
1335 835 1349 858 ,
1368 822 1453 849 non
1473 821 1574 850 tem-

351 878 565 936 perandos
594 873 661 938 effe}
687 891 703 919 :
736 892 860 933 neque
888 893 915 919 a
946 877 1113 920 Natura
1141 877 1295 922 induci.
1327 879 1375 921 A
1410 880 1576 922 mollitie

349 949 602 1008 sententiam
622 950 828 1008 adversam
848 948 976 1007 nafii.

295 1054 413 1174 U
428 1134 603 1168 TRUM
626 1118 754 1167 satius
779 1118 856 1176 fit,
887 1118 1089 1166 modicos
1111 1119 1266 1166 habere
1286 1119 1489 1178 affectus,
1520 1139 1573 1168 an

293 1193 469 1250 nullos,
496 1193 619 1256 saepe
650 1192 888 1255 quaesitum
919 1191 992 1238 est.
1023 1191 1170 1238 Nostri
1191 1193 1288 1240 illos
1316 1195 1571 1256 expellunt:

291 1266 570 1328 Peripatetici
605 1279 860 1329 temperant.
894 1268 988 1328 Ego
1022 1282 1110 1310 non
1140 1265 1304 1319 video,
1341 1268 1573 1329 quomodo

292 1337 468 1384 salubris
496 1337 579 1384 effe
604 1352 675 1384 aut
704 1336 820 1384 utilis
846 1336 976 1399 poffit
995 1336 1079 1382 ulla
1106 1336 1386 1384 mediocritas
1415 1340 1570 1385 morbi.

291 1411 396 1457 Noli
419 1411 583 1457 timere.
606 1410 711 1456 nihil
738 1427 914 1468 eorum,
944 1426 1056 1472 quae
1078 1409 1154 1456 tibi
1187 1427 1276 1457 non
1308 1411 1375 1458 vis
1394 1413 1537 1477 negari
1558 1450 1572 1472 ‚

287 1482 432 1545 eripio
458 1502 469 1527 :
499 1483 673 1531 facilem
711 1501 807 1538 me,
838 1483 1221 1544 indulgentemque
1248 1484 1467 1546 praebebo
1498 1503 1569 1532 re-

288 1556 392 1612 bus,
425 1558 478 1603 ad
506 1574 610 1621 quas
641 1557 808 1613 tendis,
839 1568 880 1602 et
915 1572 1019 1619 quas
1047 1567 1117 1601 aut
1152 1556 1267 1612 vitae
1293 1558 1571 1617 necessarias,

288 1642 360 1675 aut
398 1630 552 1688 utiles,
592 1639 662 1677 aut
698 1630 905 1677 iucundas
942 1641 1062 1691 putes
1093 1646 1102 1674 z
1137 1629 1358 1675 detraham
1394 1631 1566 1678 vitium.

286 1704 401 1748 Nam
425 1720 523 1749 cum
551 1703 628 1750 tibi
656 1721 813 1766 cupere
834 1703 1126 1757 intes-dixero,
1159 1702 1270 1749 velle
1289 1704 1535 1766 permittam
1556 1725 1568 1752 ε

262 1828 263 1833 ¹
286 1788 335 1822 ut
357 1776 507 1822 eadem
532 1775 600 1821 illa
628 1775 870 1838 intrepidus
899 1774 1027 1822 facias
1043 1811 1056 1831 ,
1081 1788 1127 1821 ur
1148 1775 1334 1822 certiore
1353 1776 1569 1837 consilio,

286 1863 335 1897 ut
357 1852 605 1914 voluptates
629 1851 718 1897 illas
741 1850 876 1913 magis
903 1849 1067 1895 sentias.
1105 1850 1307 1909 Quidni?
1338 1851 1392 1898 ad
1412 1866 1452 1898 te
1471 1869 1566 1898 ma-

274 1923 348 1987 gis
367 1937 656 1986 perventurae
679 1924 771 1969 sunt
787 1958 799 1979 ,
823 1922 852 1967 fi
871 1921 952 1968 illis
977 1920 1209 1982 imperabis
1226 1954 1239 1976 ‚
1267 1939 1398 1983 quam
1430 1923 1459 1968 fi
1478 1924 1566 1970 ser·

281 1998 387 2046 vies.
412 1999 497 2045 Sed
517 1998 709 2045 naturale
728 1996 789 2043 est
803 2033 815 2053 ‚
836 1995 999 2059 inquis,
1022 2006 1068 2040 ut
1095 1995 1307 2042 desiderio
1327 1997 1454 2044 amici
1474 2011 1569 2045 tor—

281 2089 418 2136 quear
439 2091 449 2118 :
469 2073 524 2118 da
544 2074 609 2118 ius
633 2070 823 2118 lacrimis
842 2082 926 2115 tam
948 2067 1054 2115 iuste
1081 2069 1342 2117 cadentibus.
1364 2072 1568 2121 Naturale

278 2146 343 2194 est
368 2145 655 2208 opinionibus
673 2143 908 2190 hominum
937 2142 1051 2206 tangi
1071 2177 1083 2198 ‚
1110 2157 1152 2188 et
1181 2143 1371 2203 adversis
1395 2144 1564 2190 contri-

281 2218 380 2265 stari
403 2236 414 2265 :
433 2235 569 2282 quare
589 2235 680 2264 non
710 2217 935 2281 permittas
959 2217 1064 2261 mihi
1091 2215 1208 2262 hunc
1227 2229 1315 2263 tam
1336 2217 1565 2264 honeslum

278 2292 416 2338 malae
457 2292 680 2354 opinionis
721 2302 884 2337 metum
909 2294 926 2335 ?
963 2288 1145 2335 Nullum
1191 2289 1344 2336 vitium
1385 2290 1444 2336 est
1478 2289 1565 2337 fine

279 2362 529 2426 patrocinio
544 2380 554 2408 τ
569 2361 676 2408 nulli
697 2378 786 2408 non
806 2362 976 2409 initium
996 2360 1056 2406 est
1075 2361 1372 2408 verecundum
1394 2374 1436 2408 et
1453 2379 1563 2409 exo-

280 2436 439 2496 rabile,
471 2436 543 2484 sed
561 2437 623 2484 ob
645 2438 732 2485 hoc
748 2437 874 2488 latius
900 2437 1112 2486 funditur.
1139 2439 1245 2485 Non
1265 2435 1482 2484 obtinebis
1515 2446 1561 2483 ut
