1730 2870
338 100 598 149 NATUR.
642 100 948 161 QUAEST.
994 100 1221 154 LIB.VI.
1330 116 1420 165 335

151 207 259 254 sunt.
278 209 398 270 Ergo
425 205 656 254 verisimile
676 207 736 252 est
755 242 768 261 ,
798 219 956 253 terram
991 223 1045 252 ex
1088 206 1178 254 alto
1208 208 1381 254 moveri
1418 243 1433 266 ‚

149 292 192 324 et
209 280 298 325 illic
313 280 505 342 spiritum
520 278 563 323 in
583 278 782 324 cavernis
796 278 1044 341 ingentibus
1059 279 1248 340 concipi.
1262 281 1404 325 Immo
1416 314 1434 338 ,

150 350 294 413 inquit
325 381 340 406 ‚
394 366 476 397 ceu
521 367 620 397 curn
670 349 835 412 frigore
870 350 1169 396 inhorruimus
1191 382 1205 405 ‚
1263 366 1432 398 tremor

148 423 341 485 sequitur
368 457 382 478 ‚
426 422 483 469 fic
532 435 662 469 terras
709 438 888 485 quoque
943 422 1114 483 spiritus
1164 423 1434 471 extriffi‘ecus

151 494 352 540 accidens
370 494 545 556 quassat.
563 494 702 554 Quod
714 495 837 539 nullo
851 494 991 540 modo
1004 493 1146 556 potest
1170 493 1278 540 fieri.
1295 496 1432 558 Alge-

151 582 198 612 re
224 567 340 612 enim
371 567 499 613 <lebet
517 602 531 623 ,
560 580 606 614 ut
631 568 747 613 idem
782 566 842 612 illi
873 567 1042 614 accidat
1061 602 1077 624 ‚
1117 569 1239 630 quod
1273 570 1430 629 nobis,

151 656 264 702 quos
286 654 463 687 externa
482 641 603 688 causa
622 641 666 686 in
685 641 913 687 horrorem
931 640 1032 704 agit.
1054 642 1265 688 Accidere
1285 656 1431 691 autem

152 726 294 760 terrae
324 714 457 759 simile
484 714 692 776 quiddam
731 713 901 760 nostrae
931 714 1207 774 affectioni-s,
1236 717 1308 764 sed
1339 735 1433 765 non

149 802 204 832 ex
223 785 349 832 simili
365 786 509 843 causa,
536 786 836 834 concesserim.
882 788 1002 834 Illam
1035 788 1220 835 interior
1239 802 1283 837 et
1301 791 1431 838 altior

150 858 305 906 iniuria
335 862 465 908 debet
497 861 750 922 impellere:
773 858 894 907 cuius
920 861 983 906 rei
1015 874 1322 923 argumentum
1358 872 1436 918 vel

151 934 395 980 maximum
436 935 523 982 boc
564 934 708 997 potest
743 933 853 991 esse,
880 935 1001 997 quod
1043 951 1145 980 cum
1179 935 1445 985 vehementi'

151 1023 278 1052 motu
329 1009 580 1069 adapertum
621 1007 787 1070 ingenti
832 1007 957 1054 ruina
1002 1007 1142 1053 solum
1177 1007 1237 1053 est
1258 1040 1272 1063 ‚
1316 1022 1430 1056 totas

152 1093 471 1142 nonnunquam
500 1080 628 1125 urbes
646 1093 690 1125 et
709 1077 864 1141 recipit
883 1078 1022 1124 hiatus
1037 1078 1105 1123 ille
1124 1115 1138 1134 ‚
1171 1091 1214 1124 et
1249 1079 1431 1126 abscon·-

153 1151 227 1196 dit.
268 1151 555 1215 Thucydides
601 1151 660 1198 ait
692 1184 706 1205 ‚
759 1151 874 1198 circa
930 1151 1285 1213 Peloponnesiaci
1328 1153 1434 1201 belli

149 1235 321 1284 tempus
341 1260 354 1281 ‚
390 1224 632 1270 Atalantam
677 1223 855 1269 insulam
893 1235 965 1269 aut
998 1236 1137 1270 totam
1157 1259 1171 1280 ‚
1205 1236 1278 1271 aut
1315 1240 1431 1273 certe

152 1297 341 1341 maxima
366 1313 419 1342 ex
438 1308 556 1357 parte
586 1294 861 1356 superfusam.
884 1296 1002 1341 Idem
1022 1296 1175 1342 Sidoni
1197 1296 1394 1344 accidisse
1413 1334 1430 1353 .,

152 1366 390 1412 Posidonio
434 1366 575 1411 crede.
615 1367 711 1412 Nec
756 1365 811 1411 ad
855 1365 941 1413 hoc
977 1365 1152 1412 testibus
1198 1383 1310 1428 opus
1357 1368 1432 1416 est.

154 1438 436 1484 Meminimus
453 1438 567 1483 enim
588 1474 602 1494 ‚
631 1437 751 1484 tetris
770 1438 943 1484 interno
962 1452 1086 1484 motu
1109 1439 1308 1497 divulsis,
1335 1440 1435 1488 loca

154 1510 323 1557 disiecta
338 1547 352 1566 ‚
366 1525 409 1557 et
426 1527 607 1571 campos
624 1509 829 1557 interisse.
845 1511 986 1570 Quod
1002 1511 1091 1557 iam
1106 1512 1246 1558 dicam
1263 1547 1276 1570 ‚
1288 1529 1434 1575 quem„

153 1583 390 1628 admodum
411 1582 653 1629 existimem
669 1617 684 1640 ,
722 1581 829 1629 fieri.

218 1657 372 1702 XXV.
389 1656 504 1702 Cum
532 1654 702 1719 spiritus
722 1671 925 1719 magnum
951 1671 995 1701 et
1013 1671 1201 1702 vacuum
1219 1666 1434 1706 terrarum

152 1727 301 1774 locum
337 1727 507 1790 penitus
547 1728 780 1790 opplevit,
819 1728 1056 1790 coepitque
1098 1728 1258 1783 rixari,
1305 1744 1347 1775 et
1379 1731 1437 1777 de

153 1800 274 1847 exitu
305 1801 498 1864 cogitare
521 1817 534 1853 3
560 1801 691 1846 latera
709 1799 798 1862 ipsa
832 1800 945 1845 intra
975 1815 1086 1861 quae
1109 1800 1234 1858 latet,
1267 1800 1437 1862 saepius

155 1873 344 1936 percutit
359 1908 374 1931 ‚
402 1873 527 1936 supra
546 1889 656 1935 quae
674 1872 803 1919 urbes
819 1871 1034 1918 interdum
1053 1873 1154 1919 sitae
1181 1872 1277 1919 sunt
1296 1891 1306 1919 :
1331 1875 1438 1921 haec

157 1962 475 2009 nonnunquam
492 1947 604 1992 adeo
632 1944 973 2001 concutiuntur,
1002 1956 1050 1990 ut
1069 1943 1263 1991 aedificia
1280 1945 1436 2007 super-

155 2020 293 2083 posita
337 2021 630 2083 procumbant
662 2037 675 2065 :
715 2034 1031 2081 nonnunquam
1069 2018 1114 2064 in
1158 2032 1357 2074 tantum,
1389 2031 1438 2067 ut

155 2094 339 2156 parietes
361 2093 522 2156 'quibus
540 2092 674 2139 fertur
697 2109 832 2139 omne
858 2091 1051 2155 tegimen
1078 2091 1203 2149 cavi,
1234 2091 1436 2139 decidant

156 2167 202 2212 in
227 2166 349 2213 illum
381 2165 757 2212 subtervacantem
786 2164 962 2221 locum,
999 2177 1206 2225 totaeque
1231 2165 1357 2210 urbes
1390 2164 1438 2211 in

156 2237 411 2284 immensam
445 2237 714 2284 altitudinem
757 2249 955 2298 vergant.
995 2236 1038 2282 Si
1075 2236 1184 2281 velis
1219 2236 1395 2283 credere
1419 2271 1436 2294 ‚

160 2311 280 2357 aiunt
312 2309 546 2372 aliquando
562 2308 714 2355 Ossam
745 2308 953 2372 Olympo
986 2307 1241 2365 cohaesisse,
1277 2309 1437 2355 deinde

160 2396 370 2429 terrarum
403 2393 531 2427 motu
551 2379 793 2438 recessisse,
819 2391 863 2425 et
881 2379 1045 2425 scissam
1064 2379 1194 2425 unius
1216 2380 1438 2443 magnitu-
