1730 2870
252 155 344 200 214
476 144 525 188 L,
586 141 892 188 ANNAEI
944 139 1302 191 SENECAE

245 248 510 295 inhaereant.
541 249 720 294 Nullum
745 247 923 311 quidem
954 247 1040 295 fine
1065 248 1153 312 igni
1181 248 1346 296 fulmen
1375 249 1528 298 venit:

246 321 318 367 sed
346 323 432 367 ”noc
450 322 628 383 proprie
650 321 827 383 igneum
847 319 1056 377 dicimus,
1076 322 1196 383 quod
1222 320 1445 370 manifesta
1461 339 1529 368 ar-

247 394 368 438 doris
393 393 573 456 vestigia
595 392 821 454 imprimit.
864 392 1001 451 Quod
1032 404 1104 438 aut
1132 395 1242 452 urit,
1265 407 1337 441 aut
1364 394 1527 454 fuscat,

247 466 390 511 tribus
430 465 575 511 modis
607 465 692 511 urit
718 482 728 511 ε
770 479 843 510 aut
865 465 980 510 enim
1002 465 1141 523 afflat,
1180 481 1223 514 et
1252 468 1339 515 leni
1370 469 1528 516 iniuria

248 538 401 596 laedit,
419 553 491 586 aut
511 539 757 594 comburit,
779 554 849 584 aut
871 541 1080 588 accendit.
1100 543 1264 588 Omnia
1279 542 1354 589 ista
1373 559 1529 600 urunt,

249 613 322 659 sed
342 629 498 676 genere
521 623 563 657 et
586 612 726 657 modo
748 610 967 658 differunt.
997 614 1313 677 Quodcunque
1336 616 1524 662 combu-

250 685 359 731 stum
394 684 474 740 est,
502 684 650 747 utique
675 696 718 730 et
750 684 890 729 ustum
924 685 997 731 est.
1028 686 1088 731 At
1121 702 1209 732 non
1242 703 1375 734 omne
1405 689 1527 750 quod

250 758 391 804 ustum
405 795 417 815 ‚
432 758 581 821 utique
600 769 642 803 et
656 758 931 805 combustum
950 758 1019 805 est.
1038 762 1144 806 Item
1163 760 1285 821 quod
1301 761 1529 807 accensum

251 832 321 876 est.
344 831 484 892 potest
512 830 628 876 enim
655 831 758 876 illud
785 830 879 891 ipso
909 832 1086 878 transitu
1114 833 1222 896 ignis
1243 833 1390 880 uffiffe.
1420 835 1532 894 Quis

254 903 385 949 nescit
405 904 615 965 quaedam
638 904 703 949 uri
726 905 901 967 quidem
916 940 928 962 ‚
949 922 1028 952 nec
1048 906 1225 952 ardere?
1246 906 1366 952 Nihil
1384 919 1530 953 autem

252 978 393 1039 potest
413 979 563 1024 ardere
579 1010 592 1034 ,
611 981 733 1042 quod
752 997 844 1026 non
859 994 1019 1026 uratur.
1037 982 1188 1026 Unum
1209 981 1296 1028 hoc
1318 979 1531 1027 adiiciam.

254 1051 401 1098 Potest
417 1052 579 1115 aliquid
599 1052 685 1098 effe
713 1051 990 1099 combustum
1009 1088 1023 1110 ,
1045 1054 1166 1116 quod
1192 1069 1284 1099 non
1303 1052 1352 1099 fit
1374 1069 1530 1101 accen-

253 1124 361 1172 sum.
392 1124 534 1186 potest
555 1124 781 1171 accensum
802 1124 905 1180 effe,
933 1141 1014 1172 nec
1037 1125 1328 1173 combustum.

319 1197 433 1244 XLI.
463 1198 593 1243 Nunc
612 1197 666 1245 ad
685 1197 731 1244 id
748 1198 920 1244 transeo
940 1214 1073 1261 genus
1095 1197 1314 1256 fulminis,
1341 1214 1431 1261 quo
1449 1197 1534 1243 icta

254 1271 485 1320 fuscantur,
516 1273 618 1319 Hoc
638 1283 710 1317 aut
737 1271 994 1328 decolorat,
1027 1283 1098 1317 aut
1126 1271 1308 1318 colorat.
1340 1272 1531 1334 Utrique

255 1345 574 1394 distinctionem
606 1344 724 1393 suam
754 1344 947 1392 reddam.
988 1343 1306 1397 Decoloratur‚
1338 1344 1384 1390 id
1412 1343 1533 1390 cuius

255 1421 382 1468 color
400 1417 601 1473 vitiatur,
634 1432 725 1463 non
747 1428 947 1463 mutatur.
970 1416 1206 1462 Coloratur
1221 1452 1234 1471 ,
1252 1416 1295 1462 id
1315 1416 1436 1463 cuius
1454 1414 1533 1461 alia

254 1492 306 1543 fit
336 1509 465 1555 quam
494 1490 574 1537 fuit
599 1490 731 1539 facies
757 1508 767 1537 τ
795 1504 1002 1554 tanquam
1029 1491 1248 1546 caerulea,
1281 1490 1355 1538 vel
1383 1489 1533 1552 nigra,

256 1568 329 1615 vel
350 1566 519 1630 pallida.
547 1567 666 1613 Haec
686 1567 827 1614 adhuc
845 1565 1036 1613 Etruscis
1052 1579 1095 1613 et
1119 1565 1390 1629 philosophis
1408 1580 1541 1611 com-r

256 1641 404 1691 munia
427 1641 538 1687 sunt.
561 1642 607 1685 ln
623 1639 700 1687 illo
726 1639 978 1686 diffentiunt
996 1672 1009 1695 ‚
1040 1640 1162 1703 quod
1185 1638 1363 1685 fulmina
1383 1636 1532 1684 dicunt

253 1732 279 1762 a
308 1720 416 1762 love
439 1713 578 1769 mitti,
606 1726 648 1760 et
670 1726 757 1760 tres
783 1713 846 1760 illi
870 1713 1095 1760 manubias
1120 1714 1234 1760 dant.
1266 1712 1407 1760 Prima
1442 1710 1531 1776 (ut

253 1787 403 1852 aiunt)
433 1801 612 1844 monet,
635 1802 676 1835 et
696 1788 862 1852 placata
886 1788 971 1844 est,
997 1801 1040 1836 et
1062 1788 1188 1850 ipsius
1211 1785 1392 1835 consilio
1414 1786 1531 1834 lovis

254 1862 452 1908 mittitur.
468 1862 708 1908 Secundam
725 1861 854 1908 mittit
867 1862 1043 1924 quidem
1068 1862 1224 1924 Iupiter
1236 1894 1250 1917 ‚
1268 1859 1338 1905 sed
1357 1877 1411 1907 ex
1427 1876 1531 1906 ςοη·

253 1937 332 1983 filii
352 1937 569 1983 sententia.
587 1936 821 1983 duodecim
845 1936 961 1983 enim
982 1937 1090 1983 deos
1110 1936 1310 1981 advocat.
1335 1935 1434 1981 Hoc
1452 1935 1531 1980 ful«

254 2026 353 2054 men
376 2008 483 2054 boni
506 2009 669 2072 aliquid
694 2009 932 2072 aliquando
958 2009 1090 2066 facit,
1119 2007 1188 2054 sed
1217 2019 1321 2053 tunc
1348 2023 1530 2070 quoque

252 2099 345 2128 non
366 2082 516 2136 aliter,
544 2099 677 2146 quam
697 2097 743 2128 ut
764 2095 934 2130 noceat.
962 2085 1030 2129 Ne
1056 2080 1230 2143 prodest
1247 2079 1421 2143 quidem
1446 2081 1529 2125 im·

253 2171 382 2217 pune.
401 2153 598 2200 Tertiam
616 2153 865 2200 manubiam
885 2154 999 2201 idem
1018 2152 1179 2214 Iupiter
1196 2151 1352 2198 mittit:
1369 2151 1438 2198 sed
1457 2153 1529 2197 ad-

253 2227 398 2273 hibitis
419 2227 463 2274 in
485 2210 712 2277 conissium
728 2227 809 2276 diis
825 2261 837 2283 ,
861 2245 972 2290 quos
992 2225 1231 2288 superiores
1249 2238 1291 2270 et
1308 2224 1531 2270 involutos

252 2313 430 2348 vocant.
450 2303 578 2361 Quae
600 2300 733 2347 vastat
752 2313 793 2347 et
810 2298 990 2349 includit
1007 2334 1019 2355 ,
1046 2311 1088 2345 et
1108 2310 1244 2344 mutat
1265 2296 1416 2342 statum
1436 2294 1526 2356 pri-

252 2385 402 2419 vatum
423 2375 574 2438 utique
592 2387 633 2422 et
654 2374 874 2436 publicum
891 2407 904 2428 ‚
936 2388 1071 2435 quem
1087 2369 1267 2421 invenit.
1284 2368 1395 2434 Ignis
1411 2367 1527 2415 enim

247 2446 353 2495 nihil
383 2446 494 2507 esse,
518 2448 643 2511 quod
659 2448 708 2496 fit
724 2482 740 2505 ,
770 2445 945 2514 patitur,
