1730 2870
353 111 621 158 NATUR.
670 108 982 169 QUAEST.
1035 107 1160 153 Llss.
1211 110 1288 154 iv.
1365 124 1463 172 279

178 222 334 280 Quare
353 231 495 264 autem
513 215 705 262 rotunda
724 214 773 260 sit
791 215 975 277 grando,
997 212 1127 260 etiam
1152 213 1238 259 fine
1252 214 1460 276 magistro

180 292 288 340 scire
304 304 454 355 potes,
475 307 572 336 cum
597 290 890 344 adnotaveris,
916 289 1176 335 stillicidium
1197 304 1331 334 omne
1349 305 1458 334 con-

179 364 428 428 glomerati.
452 363 590 424 Quod
608 376 650 409 et
669 363 714 409 in
730 362 911 425 speculis
936 376 1137 424 apparet,
1157 378 1268 425 quae
1291 361 1455 407 humo-

177 452 272 484 rem
302 437 433 483 halitu
467 437 683 500 colligunt
699 472 713 494 ,
738 450 781 482 et
812 436 855 482 in
881 436 1052 497 poculis
1073 434 1224 497 sparsis
1242 470 1258 492 ‚
1288 435 1457 498 aliaque

177 509 303 555 omni
320 508 552 556 laevitatez
573 525 673 555 nam
694 521 736 557 et
753 509 796 554 in
815 508 1048 553 herbarum
1073 507 1142 552 vel
1162 506 1369 553 arborum
1387 505 1457 552 fo-

174 579 268 638 liis,
287 579 317 625 fi
336 596 445 642 quae
469 592 614 643 guttae
634 580 946 636 adhaeserunt,
974 579 1017 624 in
1038 578 1278 624 rotundum
1299 578 1456 625 iacent.
1526 599 1529 602 ·

245 705 366 765 Quid
387 707 520 768 magis
536 705 587 772 est
598 706 714 766 fizxo
732 707 877 749 durum
892 705 916 748 ,2
935 704 1039 763 quid
1053 703 1217 747 mollizts
1237 705 1350 748 unda
1365 704 1390 747 ?

307 788 436 831 Dura
459 778 595 831 tamen
621 786 739 831 molli
750 786 872 845 fizxa
900 800 1105 829 cavantur
1122 800 1244 844 aqua.

178 919 277 966 aut,
311 921 359 956 ut
384 908 489 956 alius
518 910 648 973 poe'ta
679 907 770 956 ait:

245 1037 280 1078 S
283 1035 448 1080 tillicidi
469 1035 586 1095 casias
610 1035 789 1094 lapidem
817 1049 950 1079 cavat.

179 1168 223 1204 et
248 1157 354 1204 haec
384 1156 471 1219 ipsa
496 1157 727 1206 excavatio
745 1158 932 1203 rotunda
961 1155 1024 1203 fit.
1057 1158 1124 1203 Ex
1143 1172 1234 1220 quo
1254 1171 1455 1220 apparet,

175 1229 283 1278 illud
321 1231 422 1279 huic
456 1247 635 1293 quoque
672 1229 806 1276 fimile
839 1229 923 1275 effe
957 1228 1081 1290 quod
1118 1242 1254 1275 cavat.
1285 1231 1454 1277 Locum

178 1304 298 1350 enim
336 1303 413 1350 fibi
447 1305 502 1350 ad
543 1305 732 1350 sormam
763 1314 807 1349 et
842 1303 1036 1349 habitum
1076 1301 1196 1348 suum
1224 1302 1453 1365 ,exsculpirss

177 1376 403 1422 Praeterea
439 1376 610 1438 potest,
643 1373 805 1422 etiarnsi
838 1389 934 1420 non
963 1372 1095 1426 fuerit
1133 1376 1303 1437 grando
1335 1376 1458 1434 talis,

177 1460 280 1491 cum
307 1446 525 1504 defertur,
557 1446 896 1499 corrotundari‚
927 1458 970 1493 et
1002 1446 1133 1494 toties
1162 1461 1238 1508 per
1271 1446 1455 1507 spatium

177 1517 287 1564 a-‘e'ris
305 1518 421 1565 denfi
443 1521 651 1567 devoluta
668 1520 951 1582 aequabiliter
974 1534 1105 1581 atque
1123 1518 1167 1564 in
1189 1518 1343 1565 orbem
1364 1519 1458 1567 teri.

178 1591 319 1649 Quod
338 1591 413 1637 nix
439 1592 525 1654 pati
549 1609 641 1639 non
661 1592 800 1654 potest
820 1609 830 1638 ι
858 1591 960 1655 quia
981 1607 1074 1636 non
1094 1590 1154 1637 est
1182 1603 1269 1637 tam
1291 1592 1455 1649 solida,

179 1662 321 1710 immo
337 1665 440 1728 quia
460 1676 548 1712 tam
569 1666 657 1713 fusa
677 1665 754 1722 est,
771 1679 814 1712 et
835 1681 924 1711 non
947 1680 1022 1726 per
1038 1680 1241 1726 magnam
1261 1663 1455 1712 altitudi-

180 1754 281 1783 nem
308 1738 447 1794 cadit,
471 1739 541 1785 sed
566 1740 681 1785 circa
704 1751 839 1784 terras
859 1737 1029 1783 initium
1062 1735 1154 1783 eius
1182 1734 1254 1783 est.
1283 1739 1342 1782 Ita
1365 1754 1457 1784 non

178 1808 352 1871 longius
371 1808 429 1855 illi
453 1827 532 1871 per
552 1811 678 1866 aera,
696 1810 767 1855 sed
785 1825 840 1854 ex
862 1807 1070 1870 proximo
1088 1806 1227 1869 lapsus
1243 1807 1320 1855 est.
1335 1810 1459 1868 Qua-

179 1899 227 1928 re
253 1898 345 1928 non
372 1895 416 1929 et
444 1900 528 1947 ego
559 1883 674 1930 idem
699 1882 806 1929 mih-i
833 1882 1103 1945 permittam,
1135 1883 1260 1945 quod
1283 1885 1460 1929 Anaxa·

179 1970 308 2017 goras
324 1986 338 2009 ‚
370 1972 472 2002 cum
496 1955 610 2003 inter
633 1956 773 2004 nullos
795 1956 930 2020 magis
956 1972 1088 2018 quam
1117 1955 1232 2003 inter
1262 1956 1460 2019 philoso-

180 2028 293 2089 phos
316 2028 399 2077 effe
427 2030 581 2077 debeat
610 2047 748 2094 aequa
771 2029 979 2077 libertas?
1008 2030 1190 2076 Grando
1213 2029 1321 2077 nihil
1343 2030 1462 2077 aliud

121 2124 124 2126 ’
181 2100 244 2148 est
269 2120 402 2166 quam
433 2103 627 2166 suspensa
660 2103 827 2168 glacies.
855 2105 971 2158 Nix,
1004 2104 1051 2150 in
1080 2104 1235 2166 pruina
1265 2104 1461 2165 pendens

181 2175 444 2238 congelatio.
458 2176 566 2222 lllud
579 2177 695 2222 enim
709 2177 794 2223 iam
814 2177 1026 2233 diximus,
1041 2176 1163 2238 quod
1175 2175 1286 2222 inter
1304 2193 1461 2240 aquam

179 2261 225 2292 et
247 2264 392 2294 rorem
410 2247 606 2306 interest,
628 2251 716 2296 hoc
736 2248 848 2297 inter
866 2250 1064 2310 pruinam
1085 2261 1127 2294 et
1153 2248 1356 2311 glaciem,
1381 2266 1463 2297 nec

182 2336 274 2366 non
303 2320 414 2366 inter
435 2320 582 2367 nivem
604 2333 646 2368 et
667 2321 924 2385 grandinem
953 2319 1161 2367 interefl'e.

248 2395 323 2440 IV.
358 2393 560 2440 Poteram
581 2410 651 2441 me
666 2429 680 2453 ,
713 2394 884 2457 peracta
902 2392 1183 2457 quaestione,
1211 2392 1429 2442 dimittere
1451 2410 1464 2440 ε

1112 2468 1202 2527 54
