1730 2870
393 106 657 152 NATUR.
707 107 1011 166 QUAEST.
1059 108 1176 155 L113.
1223 110 1274 155 u.
1381 127 1461 172 193

189 210 376 258 virentes
401 211 526 274 erigit
551 212 752 268 arbores,
771 229 822 258 ac
847 213 1049 261 distendit
1068 215 1112 260 in
1130 232 1301 274 ramos,
1333 218 1468 262 autin

190 283 322 328 altum
347 283 474 342 erigit
490 315 504 335 ,
530 299 661 345 quam
683 282 852 344 spiritus
871 285 1058 332 intensio
1086 300 1128 333 et
1146 288 1316 335 unitas?

253 354 352 400 Vll.
371 354 566 412 Quidam
590 354 688 399 aera
707 354 980 416 discerpunt,
1013 368 1056 402 et
1083 357 1128 403 in
1149 359 1378 421 particulas
1397 360 1467 406 di-

187 425 375 479 ducunt,
408 427 465 470 ita
491 440 539 471 ut
566 425 626 471 illi
657 425 784 471 inane
811 428 1108 488 permisceant.
1144 433 1466 492 Argumentum

186 511 328 543 autem
347 499 593 545 existimant
612 516 702 545 non
717 500 832 561 pleni
855 502 1077 563 corporis,
1100 503 1169 548 sed
1189 506 1371 550 multum
1389 522 1469 553 va-

188 570 261 616 cui
290 571 512 628 habentis,
536 572 655 635 quod
676 574 829 618 avibus
858 573 903 617 in
923 573 999 618 illo
1019 585 1105 618 tam
1133 574 1268 621 facilis
1292 589 1440 623 motus
1456 612 1470 633 ,

187 641 312 700 quod
341 642 536 689 maximis
559 642 834 705 minimisque
861 658 937 704 per
967 642 1088 688 illum
1108 645 1369 692 transcursus
1394 648 1465 693 est.

187 714 271 759 Sed
299 713 513 762 falluntur.
542 717 655 762 Nam
683 733 888 778 aquarum
915 732 1092 779 quoque
1117 716 1261 765 similis
1290 719 1467 767 facilitas

185 786 268 833 est:
291 804 370 835 nec
393 789 447 835 de
467 789 627 834 unitate
647 789 816 834 illarum
839 789 1019 835 dubium
1044 789 1128 845 est,
1157 808 1266 853 quae
1289 792 1344 838 fic
1363 809 1468 839 cor-

184 877 294 922 pora
314 863 557 925 accipiunt,
578 877 625 908 ut
642 864 810 924 semper
827 863 870 907 in
891 863 1158 909 contrarium
1179 866 1371 928 acceptis
1391 884 1466 914 re-

186 933 334 979 fluant.
368 936 495 982 Hanc
530 935 667 981 nostri
699 934 1094 994 circumstantiam,
1128 939 1286 985 Graeci
1321 952 1466 988 autem

186 1020 378 1072 περῐςασιμ
396 1005 634 1071 appellant,
653 1024 765 1071 quae
783 1007 827 1052 in
847 1009 946 1053 aere
965 1025 1143 1071 quoque
1165 1010 1270 1057 sicut
1291 1011 1335 1056 in
1356 1029 1467 1075 aqua

183 1083 246 1128 fit.
274 1081 534 1128 Circumstat
554 1081 671 1127 enim
696 1096 829 1126 omne
857 1097 1017 1143 corpus
1043 1099 1066 1127 a
1090 1100 1184 1145 quo
1213 1085 1464 1147 impellitur.

184 1155 309 1200 Nihil
327 1167 470 1199 autem
486 1168 597 1215 opus
615 1153 698 1199 erit
718 1153 833 1198 inani
856 1154 1065 1201 admixto.
1083 1157 1166 1202 Sed
1183 1157 1269 1203 hoc
1287 1158 1400 1205 alias.

247 1228 356 1272 Vlll.
381 1228 510 1272 Nunc
533 1239 679 1271 autem
709 1226 795 1273 effe
823 1229 1041 1290 quandam
1062 1229 1107 1274 in
1135 1247 1280 1276 rerum
1306 1247 1461 1279 natura

180 1298 501 1348 vehementiam
518 1333 530 1354 ‚
554 1299 698 1361 magni
726 1299 940 1361 impetus⁷
961 1301 1022 1346 est
1043 1302 1354 1365 colligendum.
1375 1305 1461 1352 Ni-

179 1376 237 1422 hil
259 1373 374 1420 enim
396 1388 486 1418 non
505 1371 746 1418 intensione
766 1373 1069 1420 vehementius
1090 1375 1177 1421 est:
1204 1389 1349 1424 ettam
1375 1396 1459 1426 me-

178 1447 351 1496 hercule
369 1460 501 1509 quam
536 1445 643 1490 nihil
673 1445 838 1492 intendi
870 1446 924 1491 ab
949 1447 1034 1491 alio
1060 1448 1249 1509 poterit,
1282 1450 1359 1496 nisi
1383 1467 1458 1512 per

178 1519 453 1581 semetipsum
481 1518 613 1563 fuerit
633 1519 864 1564 intentum.
887 1519 1093 1565 Dicimus
1120 1521 1265 1579 enim,
1295 1524 1456 1571 eodem

180 1593 320 1639 modo
345 1607 434 1636 non
457 1590 577 1651 poffe
597 1590 836 1650 quidquam
862 1591 915 1636 ab
938 1591 1025 1635 alio
1045 1594 1243 1651 moveri,
1270 1594 1345 1641 nisi
1375 1597 1455 1643 ali-

180 1665 286 1728 quid
315 1663 448 1709 fuerit
478 1662 640 1708 mobile
675 1679 730 1708 ex
760 1662 1001 1724 semetipso,
1033 1665 1154 1723 Quid
1186 1679 1330 1714 autem
1363 1669 1454 1728 est,-

177 1736 299 1800 quod
328 1736 463 1797 magis
490 1735 690 1780 credatur
718 1750 771 1780 ex
800 1735 1028 1797 semetipso
1056 1737 1214 1784 habere
1241 1739 1454 1788 intensio-

177 1825 300 1865 nem,
320 1824 450 1869 quam
470 1806 669 1868 spiritus?
691 1807 819 1851 Hunc
839 1806 1004 1852 intendi
1025 1809 1121 1870 quis
1133 1810 1329 1870 negabit,
1350 1829 1452 1860 cum

178 1881 339 1930 viderit
360 1880 507 1926 iactari
525 1892 681 1925 terram
710 1896 809 1925 cum
838 1881 1090 1937 montibus,
1116 1883 1227 1929 testa
1243 1919 1256 1941 ‚
1278 1890 1453 1934 muros-

179 1971 264 2017 que
286 1954 457 2015 plures,
483 1966 525 1997 et
550 1966 724 2013 magnas
750 1968 848 1996 cum
875 1953 1048 2014 populis
1067 1954 1195 2000 urbes
1211 1987 1227 2010 ‚
1254 1973 1356 2003 cum
1380 1970 1453 2005 to·

177 2028 230 2076 tis
270 2025 404 2071 maria
431 2023 667 2070 litoribus?
703 2023 905 2070 Ostendit
933 2023 1218 2072 intensionem
1252 2028 1453 2091 spiritus,
1522 2042 1525 2043 ’

175 2098 390 2147 velocitas
411 2097 501 2144 eius
530 2110 574 2141 et
601 2096 810 2142 diductio.
840 2096 1009 2142 Oculus
1039 2096 1178 2143 statim
1209 2115 1286 2160 per
1315 2103 1450 2151 multa

176 2171 310 2219 millia
328 2168 466 2215 aciem
481 2168 599 2213 suam
614 2167 800 2214 intendit
816 2184 826 2211 :
845 2184 937 2214 vox
954 2185 1036 2215 una
1049 2180 1161 2215 totas
1179 2171 1307 2218 urbes
1323 2172 1449 2222 simut

174 2244 363 2307 percutit
389 2242 568 2306 :lumen
601 2256 691 2285 non
723 2239 926 2301 paulatim
958 2241 1186 2303 prorepit,
1218 2244 1288 2290 sed
1317 2246 1450 2296 semel-

175 2314 384 2362 universis
409 2311 651 2359 infunditur
679 2313 822 2358 rebus.

237 2388 316 2434 IX.
342 2390 465 2449 Aqua
491 2396 634 2430 autem
659 2376 746 2429 sine
770 2383 920 2446 spiritu
947 2379 1320 2449 quemadmodum
1344 2392 1447 2455 post

237 2457 286 2508 L.
316 2464 437 2507 Ann.
472 2463 636 2505 Seneca.
664 2460 758 2505 Vol.
785 2459 872 2507 IV.
1178 2462 1222 2508 N
