1730 2870
412 109 667 158 NATUR.
717 106 1016 166 QUAEST.
1064 106 1288 154 L1B.111.
1389 123 1479 172 237

207 233 261 265 ro
290 216 500 265 concitata
519 214 766 277 rapiantur,
795 230 906 277 quae
936 212 1105 276 praesto
1132 213 1181 259 fit
1206 213 1286 260 illis
1316 211 1483 275 semper

207 307 316 353 aqua
346 288 492 335 nova?
519 288 640 348 Quid
666 287 696 332 fi
722 286 890 334 mireris
909 288 1032 351 quod
1062 304 1161 334 cum
1191 286 1311 333 venti
1342 298 1484 333 totum

207 365 305 409 a'e'ra
324 361 544 424 impellant
558 396 570 418 ,
595 376 684 405 non
705 359 852 408 deficit
870 359 1041 422 spiritus
1054 392 1067 415 ,
1087 360 1158 406 sed
1177 376 1254 421 per
1268 358 1357 405 dies
1375 375 1485 405 noc-

208 435 358 497 tesque
385 433 619 495 aequaliter
640 432 765 478 fluit:
801 449 882 479 nec
911 443 957 478 ut
989 431 1172 478 flumina
1208 447 1330 478 certo
1358 433 1486 479 alveo

209 506 343 552 fertur
357 540 370 563 ,
399 505 472 550 sed
491 521 569 567 per
585 504 754 551 vastum
775 503 887 550 coeli
908 502 1089 565 spatium
1118 503 1206 550 lato
1227 504 1391 566 impetu
1408 520 1485 551 va-

207 579 301 625 dit?
324 579 444 639 Quid
463 578 492 623 fi
510 578 638 624 ullam
659 577 819 622 undam
839 576 1050 638 supereffe
1069 576 1237 622 mireris
1251 609 1264 631 ,
1286 594 1397 640 quae
1417 576 1487 623 su-

207 651 433 715 perveniat
453 663 520 697 tot
539 649 736 697 fluffibus
764 648 937 695 fractis?
972 648 1094 694 Nihil
1122 647 1270 696 deficit
1300 650 1421 711 quod
1441 650 1488 696 in

208 725 252 772 se
270 725 393 771 redit.
419 723 633 770 Omnium
653 723 973 769 elementorum
993 721 1146 768 alterni
1165 722 1360 768 recursus
1383 722 1489 769 sunt.

209 797 441 861 Quidquid
459 796 579 843 alteri
601 794 741 858 perit,
776 795 820 840 in
849 794 1032 841 alterum
1064 794 1224 842 tranfit.
1255 797 1307 841 Et
1337 807 1487 841 natura

210 882 351 933 partes
370 869 460 915 suas
480 868 597 915 velut
616 867 660 914 in
680 867 949 930 ponderibus
967 867 1222 916 constitutas
1241 867 1456 915 examinat
1474 885 1487 914 :

210 959 265 988 ne
287 942 541 1004 portionum
561 941 777 1003 aequitate
801 940 989 997 turbata,
1007 941 1194 988 mundus
1213 941 1489 1003 praeponde-

210 1028 287 1061 ret.
313 1013 477 1060 Omnia
503 1013 548 1058 in
571 1012 775 1059 omnibus
804 1011 912 1058 sunt.
936 1013 1042 1059 Non
1066 1024 1231 1060 tantum
1254 1014 1328 1059 aer
1358 1013 1404 1059 in
1422 1014 1489 1076 ig-

215 1105 315 1135 nem
341 1087 513 1141 tranfit,
547 1086 617 1132 sed
638 1102 858 1149 nunquam
877 1087 963 1133 fine
991 1087 1090 1150 igne
1115 1087 1190 1133 est.
1217 1088 1410 1135 Detrahe
1427 1087 1488 1134 illi

212 1161 400 1207 calorem
423 1176 435 1204 τ
467 1157 671 1220 rigescet‚
701 1156 846 1211 stabit,
874 1157 1111 1203 durabitur.
1138 1157 1311 1203 Tranfit
1336 1159 1410 1204 aer
1441 1158 1488 1205 in

209 1233 440 1279 humorem
461 1247 472 1276 ε
498 1230 570 1276 sed
592 1230 880 1276 nihilominus
900 1245 991 1275 non
1016 1228 1103 1276 {ine
1121 1229 1321 1277 humore.
1342 1232 1396 1276 Et
1415 1232 1491 1277 ae'-

208 1321 255 1351 ra
275 1315 317 1349 et
336 1318 490 1365 aquam
512 1300 616 1348 facit
635 1315 748 1347 terra
767 1317 778 1345 2
812 1301 884 1348 sed
914 1318 1003 1347 non
1025 1301 1159 1364 magis
1187 1318 1381 1364 unquam
1402 1301 1491 1349 fine
1539 1342 1541 1344 .

210 1393 321 1438 aqua
347 1374 433 1430 est,
466 1390 598 1437 quam
629 1374 714 1419 sine
744 1374 852 1419 ae're.
886 1374 939 1418 Et
965 1373 1068 1420 ideo
1097 1373 1269 1421 facilior
1296 1375 1490 1423 invicem

210 1449 406 1495 transitus
427 1446 489 1495 est
508 1465 519 1492 ε
538 1448 638 1511 quia
660 1448 741 1495 illis
764 1448 808 1494 in
838 1464 948 1511 quae
966 1447 1276 1495 transeundum
1299 1447 1386 1507 est,
1404 1449 1491 1496 iam

213 1523 349 1569 mixta
371 1523 444 1571 est.
481 1524 622 1569 Habet
648 1539 754 1586 ergo
780 1538 893 1569 terra
915 1523 1181 1569 humorem:
1209 1524 1324 1570 hunc
1342 1525 1491 1587 expri-

213 1595 306 1640 mit.
331 1595 472 1640 Habet
492 1595 622 1641 ae'ra:
660 1595 776 1641 hunc
800 1594 954 1641 umbra
980 1593 1151 1640 hiberni
1183 1593 1358 1658 frigoris
1385 1597 1490 1643 den-

211 1667 272 1714 sat
291 1703 303 1723 ,
334 1678 382 1712 ut
399 1666 527 1713 faciat
556 1667 805 1713 humorem.
824 1666 915 1728 Ipsa
932 1682 1113 1729 quoque
1135 1667 1351 1714 mutabilis
1369 1666 1491 1715 estin

212 1738 445 1785 humorem
467 1758 477 1785 z
503 1751 654 1785 natura
673 1740 746 1785 sua
765 1739 915 1786 utitur.

278 1814 358 1859 XI.
387 1814 508 1872 Quid
526 1829 631 1876 ergo
649 1813 666 1858 ?
699 1813 867 1876 inquis,
891 1815 920 1860 fi
947 1827 1181 1878 perpetuae
1201 1816 1296 1864 sunt
1311 1817 1488 1871 causae,

210 1887 370 1951 quibus
391 1886 569 1952 flumina
584 1885 812 1943 oriuntur,
841 1904 890 1935 ac
907 1887 1079 1935 fontes:
1100 1906 1231 1952 quare
1250 1890 1491 1953 aliquando

213 1962 423 2010 siccantur
437 1998 449 2017 ,
469 1962 705 2025 aliquando
727 1961 884 2024 quibus
903 1979 994 2009 non
1012 1961 1133 2010 fuere
1151 1963 1260 2010 locis
1274 1998 1288 2021 ,
1305 1970 1491 2011 exeunt?

215 2041 351 2098 Saepe
370 2047 496 2082 motu
519 2048 734 2083 terrarum
757 2036 915 2083 itinera
942 2036 1168 2083 turbantur
1182 2073 1197 2094 ‚
1222 2050 1265 2084 et
1284 2037 1408 2082 ruina
1425 2038 1494 2084 in-

214 2106 435 2154 terscindit
451 2123 597 2169 aquas,
615 2124 725 2170 quae
743 2119 933 2156 retentae
948 2123 1095 2156 novos
1106 2109 1248 2156 exitus
1262 2123 1494 2172 quaerunt,

214 2190 259 2223 et
277 2177 424 2239 aliquo
441 2177 607 2240 impetu
626 2179 812 2238 faciunt,
830 2192 904 2226 aut
921 2180 1051 2243 ipsius
1069 2179 1334 2243 quassatione
1354 2192 1493 2229 terrae

216 2249 389 2296 aliunde
409 2248 496 2295 alio
524 2251 853 2297 transferuntur.
887 2252 1017 2314 Apud
1048 2269 1127 2298 nos
1158 2253 1335 2300 evenire
1362 2255 1497 2312 solet,

217 2337 265 2369 ut
295 2323 449 2369 amiffo
478 2325 617 2370 canali
648 2325 726 2371 suo
743 2325 923 2371 flumina
947 2327 1140 2389 primum
1174 2326 1492 2375 refundantur:

216 2394 375 2444 deinde
397 2395 500 2460 quia
521 2396 805 2460 perdiderunt
824 2398 940 2447 viam
956 2433 971 2458 ‚
986 2398 1158 2446 faciant.
1177 2401 1277 2447 Hoc
1296 2399 1494 2451 accidisse
