1730 2870
310 138 361 184 L.
390 133 530 181 ANN.
555 132 677 180 SEN.
707 130 845 178 NAT.
873 129 1124 191 QUAEST.
1159 129 1206 174 L.
1224 129 1298 176 IV.
1368 129 1451 192 265

456 275 1186 325 PRAEFATIO.

188 392 582 506 DELECTAT
614 469 680 509 te,
718 452 1092 517 quemadmodum
1118 448 1294 508 scribis,
1321 446 1462 496 Lucili

184 526 382 572 virorum
416 528 610 590 optime,
645 525 813 582 Sicilia,
844 538 886 570 et
913 525 1108 572 officium
1139 520 1462 587 procurationis

184 599 362 646 otiosae.
390 601 668 658 Delectabit‚
700 599 728 645 fi
759 600 984 646 continere
1016 599 1063 645 id
1092 599 1202 644 intra
1232 596 1341 643 fines
1364 596 1464 642 suos

183 669 404 727 volueris,
433 688 511 718 nec
539 672 708 718 efficere
731 671 964 734 imperium
981 708 993 729 ,
1023 671 1146 734 quod
1164 669 1225 716 cst
1245 684 1462 732 procura-

183 742 262 789 tio.
303 744 531 790 Fa&urum
565 756 607 789 te
637 744 748 801 hoc,
785 759 875 789 non
910 743 1077 789 dubito.
1117 740 1220 788 Scio
1251 756 1379 804 quam
1411 738 1464 786 fis

182 816 414 863 ambitioni
455 816 645 871 alienus,
683 833 816 879 quam
854 815 1076 863 familiaris
1108 815 1206 862 otio
1234 827 1278 861 et
1313 811 1464 859 literis.

182 891 379 937 Turbam
402 907 546 936 rerum
567 889 888 953 hominumque
915 889 1155 936 desiderent
1171 923 1185 944 ,
1218 885 1294 950 qui
1315 885 1356 932 se
1377 883 1465 947 pati

183 963 390 1010 nesciunt.
419 964 523 1008 Tibi
550 974 693 1009 tecum
726 964 894 1025 optime
926 962 1150 1010 convenit.
1174 963 1271 1008 Nec
1300 959 1465 1005 mirum

182 1038 330 1100 paucis
356 1038 466 1084 istud
485 1038 740 1100 contingere
761 1055 771 1082 :
791 1035 1012 1099 imperiosi
1035 1036 1160 1082 nobis
1187 1033 1286 1096 ipsis
1305 1044 1348 1079 et
1368 1048 1469 1078 mo·-

181 1110 273 1157 lesti
291 1110 442 1158 ¹sumus
460 1129 471 1157 ε
499 1112 637 1157 modo
657 1127 809 1164 amore
830 1109 993 1168 nostri,
1015 1110 1154 1155 modo
1173 1107 1319 1153 taedio
1339 1105 1465 1151 labo·

183 1200 327 1231 ramus
349 1183 599 1231 :infelicem
635 1183 829 1231 animum
858 1199 976 1230 nuuc
1004 1181 1203 1245 superbia
1231 1179 1434 1227 inflamus
1452 1213 1468 1236 ,

183 1272 300 1304 nunc
320 1257 552 1319 cupiditate
571 1257 879 1304 distendimus:
899 1256 998 1303 alias
1017 1256 1240 1317 voluptate
1260 1255 1469 1309 laxamus,

183 1328 285 1376 alias
310 1328 584 1375 solicitudine
610 1328 843 1376 exurimus.
880 1328 1021 1387 Quod
1052 1326 1112 1373 est
1144 1325 1468 1381 miserrimum,

185 1420 403 1467 nunquam
424 1403 567 1450 sumus
588 1403 752 1467 singuli.
771 1394 954 1450 Neceffe
975 1401 1037 1449 est
1057 1401 1203 1464 itaque
1217 1399 1376 1446 affidua
1393 1398 1467 1456 sit,

183 1475 228 1521 in
246 1487 333 1521 tam
352 1491 514 1538 magno
530 1476 741 1522 vitiorum
761 1475 1057 1522 contubernio
1072 1507 1085 1528 ‚
1107 1473 1212 1518 rixa.
1228 1475 1310 1518 Fac
1331 1487 1438 1533 ergo
1453 1506 1468 1528 ,

183 1547 245 1594 mi
268 1548 432 1602 Lucili,
458 1547 579 1609 quod
598 1546 744 1594 facere
765 1546 990 1593 consuesti.
1011 1549 1047 1591 A
1066 1547 1194 1593 turba
1208 1578 1222 1602 ,
1252 1556 1464 1607 quantum

183 1631 326 1683 potes,
345 1634 387 1667 te
403 1621 577 1684 separa;
600 1637 680 1668 nec
700 1620 996 1667 adulatoribus
1016 1621 1124 1666 latus
1143 1620 1348 1682 praebeas
1362 1651 1376 1674 ‚
1396 1634 1465 1663 ar-

181 1694 318 1742 tifices
345 1694 438 1741 sunt
456 1696 509 1742 ad
529 1696 768 1758 captandos
795 1695 1052 1758 superiores.
1080 1697 1160 1740 Par
1180 1694 1289 1758 illis,
1308 1694 1464 1739 etiam-

183 1767 214 1814 fi
245 1767 357 1814 bene
389 1766 585 1826 caveris,
622 1783 712 1813 non
741 1768 837 1815 eris.
869 1767 980 1813 Mihi
1002 1768 1159 1821 crede,
1192 1765 1400 1829 capieris,
1434 1765 1464 1812 fi

182 1839 425 1902 proditioni
454 1840 543 1903 ipse
567 1855 610 1887 te
646 1841 800 1887 trades.
829 1841 1006 1888 Habent
1024 1840 1112 1887 hoc
1135 1838 1181 1885 in
1203 1839 1243 1885 se
1269 1838 1461 1885 naturale

181 1913 412 1961 blanditiae
431 1930 442 1960 :
462 1913 591 1959 etiam
607 1929 708 1960 cum
725 1912 981 1960 reiiciuntur
995 1949 1006 1971 ‚
1024 1913 1221 1975 placent:
1242 1911 1363 1974 saepe
1379 1927 1459 1957 ex-

182 1984 350 2043 clusae,
369 1984 601 2033 novissime
622 1986 904 2049 recipiuntur.
935 1987 1037 2032 Hoc
1064 1985 1181 2032 enim
1208 1984 1347 2047 ipsum
1377 1982 1462 2029 im-

184 2069 366 2119 putant,
398 2057 519 2120 quod
549 2058 843 2119 repelluntur,
875 2069 917 2104 et
943 2056 1080 2120 subigi
1115 2075 1169 2104 ne
1197 2055 1464 2104 contumelia

185 2130 366 2192 quidem
385 2129 569 2192 possunt.
590 2131 848 2177 Incredibile
876 2129 937 2176 est
956 2166 970 2188 ,
994 2131 1118 2193 quod
1137 2130 1328 2177 dicturus
1344 2129 1462 2188 s'um,

184 2202 259 2249 sed
284 2214 429 2248 tamen
461 2218 630 2249 verum.
671 2204 729 2248 Ea
758 2202 947 2248 maxime
980 2202 1162 2266 quisque
1193 2213 1343 2264 patet,
1378 2203 1464 2265 qua

187 2274 360 2339 petitur.
409 2274 597 2321 Fortasse
636 2275 753 2321 enim
796 2275 927 2332 ideo,
967 2275 1068 2338 quia
1104 2286 1250 2337 patet,
1289 2273 1462 2337 petitur.

188 2348 256 2395 Sic
280 2364 387 2411 ergo
420 2347 641 2402 formare,
674 2358 721 2393 ut
752 2347 857 2394 scias
884 2364 975 2393 non
1007 2347 1128 2410 posse
1159 2362 1202 2394 te
1221 2346 1464 2410 consequi,

188 2433 236 2469 ut
263 2419 314 2467 fis
333 2418 679 2484 impenetrabilis.
703 2436 803 2468 cum
826 2419 976 2467 omnia
1004 2419 1196 2478 caveris,
1230 2435 1309 2482 per
1327 2433 1461 2464 orna-
