1730 2870
231 159 314 204 130
463 141 841 189 L.ANNAE1
899 142 1250 187 SENECAE

222 266 331 314 ergo
357 249 446 297 mei
475 266 624 297 curam
651 264 750 311 ago.
783 247 822 294 Si
847 248 995 294 omnia
1028 260 1211 311 propter
1236 263 1386 294 curam
1418 247 1505 296 mei

222 322 338 369 facio
354 358 366 380 ,
390 334 490 367 ante
512 321 660 366 omnia
689 319 749 366 est
773 319 860 364 mei
881 334 997 365 cura.
1029 320 1149 366 Haec
1172 319 1426 366 animalibus
1446 320 1505 366 in-

221 393 282 444 est
308 395 475 443 cunetis
499 412 509 440 ε
535 411 613 441 nec
639 393 869 450 inseritur,
898 393 969 438 sed
1000 392 1245 440 innascitur.
1292 393 1503 441 Producit

222 468 368 516 foetus
394 467 496 514 suos
529 479 704 524 natura,
731 482 821 511 non
850 465 999 511 abiicit
1021 482 1032 510 ε
1054 477 1094 511 et
1119 466 1219 528 quia
1243 467 1373 512 tutela
1405 483 1505 513 cer—-

222 541 378 589 tiffima
404 557 458 587 ex
485 540 694 602 proximo
725 539 808 596 est,
834 538 912 585 fibi
939 537 1128 601 quisque
1151 538 1403 585 eommifl'us
1433 537 1508 585 est.

221 617 375 677 Itaque
403 625 452 658 ut
473 612 519 657 in
551 610 774 673 prioribus
802 610 921 669 dixi,
949 625 1099 657 tenera
1130 628 1311 674 quoque
1341 613 1511 660 anima·-

221 687 288 733 lia*
307 704 331 733 e
357 697 558 732 materno
582 696 708 730 utero
739 684 811 731 vel
838 699 1024 747 quoquo
1051 683 1190 729 modo
1221 683 1353 731 effusa
1369 721 1382 743 ,
1402 686 1510 750 quid

223 759 272 807 fit
299 759 501 807 infestum
533 757 659 821 ipfis,
684 757 882 820 protinus
906 769 1091 814 norunt,
1121 769 1165 803 et
1188 757 1415 804 mortifera
1435 761 1511 805 de·-

224 832 364 881 vitant
397 851 407 879 :
451 832 651 878 umbram
687 847 867 894 quoque
900 829 1265 876 transvolantium
1302 829 1511 877 reformi-

223 909 356 966 dant,
384 905 580 954 obnoxia
601 905 758 952 avibus
784 919 911 967 rapto
939 903 1204 950 viventibus.
1229 902 1408 950 Nullum
1429 904 1514 950 ani·

224 979 310 1024 mal
338 979 392 1024 ad
419 977 556 1025 vitam
580 976 728 1040 prodit
747 976 836 1022 fine
855 988 974 1022 metu
997 974 1164 1021 mortis„
1199 976 1513 1035 Quemadmo-

224 1053 355 1109 dum,
381 1050 554 1113 inquit,
577 1049 744 1096 editum
767 1048 928 1095 animal
947 1048 1213 1095 intelleftum
1240 1048 1423 1106 habere,
1441 1060 1515 1096 aut

224 1123 417 1171 salutaris
443 1136 514 1169 aut
537 1121 791 1168 mortiferae
814 1122 903 1180 rei,
930 1120 1101 1184 potest?
1123 1121 1517 1185 Primumquaeri-

225 1210 322 1253 tur,
339 1213 393 1242 an
414 1195 650 1259 intelligat,
678 1213 769 1241 non
789 1195 1163 1259 quemadmodum
1190 1194 1410 1258 intelligat.
1440 1195 1516 1241 Es—

225 1269 268 1315 se
292 1282 436 1315 autem
470 1266 551 1314 illis
583 1268 849 1314 intelleffiun
870 1303 882 1322 ,
908 1285 961 1313 ex
991 1284 1046 1313 eo
1070 1279 1270 1330 apparet,
1299 1270 1421 1330 quod
1450 1269 1514 1315 ni-

225 1342 287 1388 hil
316 1341 525 1404 amplius,
560 1342 590 1387 fi
618 1342 934 1398 intellexerint,
965 1341 1136 1388 iaciant.
1170 1336 1382 1401 Quidest
1405 1359 1515 1404 qua-

225 1429 272 1460 re
297 1430 521 1476 pavonem
540 1449 553 1471 ,
588 1430 723 1476 quare
752 1413 947 1459 anserem
980 1412 1134 1476 gallina
1168 1429 1258 1457 non
1295 1413 1516 1476 refugiat,

227 1504 329 1537 cum
349 1497 473 1534 tanto
501 1486 721 1532 minorem
738 1522 752 1545 ‚
779 1499 822 1532 et
848 1502 901 1531 ne
937 1501 1093 1531 notum
1119 1485 1297 1548 quidem
1324 1486 1422 1544 sih-i,
1443 1504 1515 1533 ac-

227 1562 430 1624 cipitrem
462 1558 636 1623 fugiat?
673 1575 808 1622 quare
838 1559 942 1621 pulli
975 1558 1103 1605 felem
1140 1559 1322 1617 tinient,
1361 1576 1514 1606 canem

227 1653 320 1683 non
344 1635 534 1683 timent?
568 1638 761 1698 Apparet
788 1633 868 1680 illis
895 1633 1027 1680 ineffe
1059 1633 1282 1681 scientiam
1307 1635 1515 1694 nocituri,

228 1726 320 1757 non
351 1710 632 1772 exprimento
665 1708 910 1755 coneilam,
948 1724 1049 1752 narn
1084 1719 1316 1770 antequam
1355 1708 1517 1771 pofiint

227 1783 446 1846 experiri,
475 1794 646 1830 cavent.
676 1782 878 1839 Deinde,
909 1797 962 1826 ne
991 1781 1078 1826 hoc
1108 1778 1206 1826 casu
1228 1780 1444 1827 existimes
1461 1780 1516 1826 fi-

227 1858 318 1915 eri,
357 1874 438 1904 nec
472 1867 673 1904 metuunt
708 1854 788 1902 alia
822 1871 955 1918 quam
988 1854 1178 1908 debent,
1211 1870 1290 1901 nec
1318 1872 1516 1918 unquam

227 1931 552 1978 obliviscuntur
583 1929 711 1976 huius
747 1928 905 1976 tutelae
941 1940 984 1974 ct
1029 1928 1286 1992 diligentiae.
1325 1930 1527 1993 aequalis·

227 2003 289 2051 est
320 2003 400 2051 illis
430 2022 454 2050 a
484 2002 733 2067 pernicioso
757 2001 871 2066 fuga.
919 2005 1166 2059 Praeterea,
1197 2019 1288 2048 non
1318 2001 1428 2050 fiunt
1458 1993 1522 2050 ti->

231 2072 420 2122 midio²ra
442 2076 657 2123 vivendO.
690 2078 757 2122 Ex
785 2092 876 2139 quo
895 2076 1076 2139 ‘quidem
1097 2090 1304 2138 apparet,
1327 2093 1419 2121 non
1438 2076 1517 2124 usu

231 2150 303 2196 illa
338 2151 392 2197 ad
429 2150 517 2197 hoc
555 2149 820 2212 pervenire,
856 2148 929 2197 sed
966 2149 1148 2196 naturali
1184 2165 1336 2195 amore
1373 2149 1517 2197 salutis

230 2220 338 2268 suae.
385 2224 437 2268 Et
467 2221 643 2269 tardum
662 2219 729 2267 'est
759 2235 803 2269 et
831 2220 1002 2269 varium
1021 2257 1033 2279 ‚
1067 2221 1190 2285 quod
1218 2220 1316 2267 usus
1350 2221 1514 2267 docet:

230 2294 446 2359 quidquid
477 2312 629 2342 natura
657 2296 814 2356 tradit,
842 2309 884 2343 et
915 2297 1093 2361 aequale
1121 2296 1182 2343 est
1210 2294 1448 2351 omnibus,
1473 2306 1516 2341 et

230 2367 386 2416 statim.
412 2370 455 2416 Si
477 2384 625 2417 tamen
648 2370 807 2434 exigis,
835 2369 977 2418 dicam
1007 2370 1241 2434 quomodo
1272 2385 1405 2416 omne
1424 2369 1515 2414 ani-

231 2440 317 2488 mal
336 2442 578 2505 perniciosa
593 2443 831 2508 intelligere
845 2454 1041 2494 conetur.
1062 2442 1199 2492 Sentit
1214 2441 1255 2492 se
1271 2457 1399 2491 carne
1418 2456 1517 2490 con-
