1730 2870
329 117 606 165 NATUR.
655 115 978 176 QUAEST.
1026 115 1269 161 Llss.1v.
1338 118 1430 181 269

160 226 336 274 cordiae
364 240 497 288 opera
531 223 787 281 haberetur,
817 222 974 270 occidi.
1002 223 1106 268 Non
1137 232 1281 268 tamen
1314 221 1433 270 ferro
1498 244 1514 251 κ

160 301 339 348 incubui
359 332 373 355 ,
403 314 481 344 nec
501 298 544 342 in
564 298 680 342 mare
704 309 856 358 aperto
876 310 953 341 ore
981 294 1131 341 desilui
1149 328 1163 352 ‚
1191 311 1243 340 ne
1261 294 1436 341 viderer

160 389 242 436 pro
280 372 362 418 fide
387 383 554 416 tantum
583 368 699 414 mori
737 367 869 430 posse.
898 366 1055 413 Adiice
1080 384 1195 414 nunc
1225 367 1436 414 invicium

161 444 409 492 muneribus
433 442 623 488 animum
639 476 651 495 ‚
676 453 719 486 et
743 440 788 486 in
822 452 943 486 tanto
977 441 1183 487 avaritiae
1201 441 1437 488 certamine

162 532 382 580 nunquam
402 514 660 576 suppofitam
681 530 856 559 manum
872 513 1010 559 lucro.
1030 513 1182 559 Adiice
1201 531 1318 561 nunc
1338 513 1437 560 vic-

163 601 228 635 tus
245 589 571 651 parsimoniam,
589 586 798 633 sermonis
823 586 1081 632 modestiam
1096 622 1108 644 ‚
1125 585 1331 634 adversus
1354 587 1440 634 mi-

165 677 296 708 nores
324 660 632 707 humanitatem
651 695 663 714 ‚
691 659 893 705 adversus
918 659 1103 705 maiores
1131 660 1441 708 reverentiam.

166 735 265 781 Post
284 734 310 779 h
297 751 370 780 oc
388 733 474 796 ipse
494 747 535 779 te
564 731 763 787 consule,
789 747 949 778 verane
969 748 1022 777 an
1044 731 1143 777 falsa
1161 749 1441 780 memorave-

168 808 237 853 ris.
260 808 301 853 Si
327 824 428 853 vera
456 806 579 860 sunt,
625 821 773 850 coram
805 821 967 867 magno
985 803 1086 851 teste
1116 805 1286 852 lavatus
1306 821 1385 852 es:
1413 805 1445 851 fi

167 877 223 923 fal
229 879 296 934 13,
326 885 411 924 nne
436 876 540 922 teste
563 876 722 922 derisus
747 893 801 923 es.
830 862 1004 923 Possum
1037 888 1080 923 et
1107 876 1197 939 ipse
1229 894 1346 924 nunc
1371 877 1442 924 vi-

169 949 215 994 d
209 949 259 993 ri
282 963 324 995 te
355 966 388 993 3
383 962 426 994 1t
456 964 654 1011 captare,
688 964 761 997 aut
785 951 987 1014 experiri.
1023 954 1184 998 Utrum
1212 951 1316 999 libet
1348 967 1445 998 cre-

173 1024 250 1075 de,
277 1035 319 1067 et
342 1038 495 1068 omnes
516 1022 668 1067 timere
694 1039 716 1068 3
743 1041 814 1070 me
840 1023 998 1087 incipe.
1025 1023 1314 1087 Virgilianum
1340 1022 1448 1071 illud

171 1113 354 1143 excute:

406 1162 627 1222 Nusquam
662 1175 752 1206 tuta
779 1162 894 1219 fides.

173 1235 261 1278 Aut
290 1233 594 1290 ovidianum,

416 1306 516 1364 Qua
542 1322 642 1348 zerra
661 1318 803 1363 patet,
827 1303 923 1362 feta
946 1319 1088 1364 regnat
1108 1305 1323 1365 Erynm's.

238 1379 292 1421 In
304 1377 479 1434 facinus
497 1374 643 1438 iuraſje
661 1391 793 1435 putes.
809 1388 971 1411 k-——--

178 1451 266 1496 Aut
284 1449 388 1494 illud
412 1448 642 1495 Menandri
664 1464 674 1492 ε
716 1446 835 1509 (quis
854 1446 969 1493 enim
990 1462 1078 1492 non
1099 1447 1145 1492 in
1170 1447 1257 1494 hoc
1282 1448 1452 1512 magni-

177 1524 370 1571 tudinem
399 1524 559 1586 ingenii
581 1523 640 1570 sui
660 1522 926 1576 concitavit,
953 1521 1180 1568 detestatus
1197 1523 1451 1570 consensum

177 1597 353 1643 humani
373 1599 559 1660 generis,
595 1595 809 1643 tendentis
840 1595 894 1641 ad
924 1595 1032 1641 vitia
1053 1593 1096 1658 ?)
1130 1597 1330 1653 Omnes,
1362 1597 1452 1656 ait,

177 1669 317 1720 malos
336 1669 513 1714 vivere:
546 1668 650 1714 etin
669 1666 839 1712 scenam
861 1666 979 1713 velut
1005 1666 1184 1714 rusticus
1201 1669 1333 1730 poeta
1348 1684 1455 1730 pro-

179 1741 300 1788 siluit.
325 1743 430 1788 Non
460 1742 601 1787 senem
631 1741 794 1803 excipit
811 1776 824 1797 ‚
845 1757 936 1786 non
960 1757 1173 1803 puerum,
1205 1757 1298 1787 non
1322 1742 1456 1789 femi-

179 1831 278 1860 nam
293 1849 306 1872 ,
329 1830 420 1860 non
447 1814 591 1859 virum
614 1832 623 1859 :
646 1829 689 1860 et
715 1813 861 1860 adiicit
877 1849 891 1870 ,
919 1829 1008 1858 non
1030 1812 1219 1877 singulos
1244 1830 1425 1877 peccare
1442 1851 1459 1875 ,

180 1905 262 1935 nec
281 1903 443 1950 paucos
460 1923 473 1945 ,
504 1886 574 1934 sed
593 1887 677 1933 iam
708 1887 841 1934 scelus
868 1886 953 1932 effe
982 1898 1246 1933 contextum.
1269 1889 1457 1951 Fugien-

182 1961 285 2006 dum
311 1975 420 2022 ergo
435 1995 448 2014 ‚
474 1974 516 2005 et
535 1960 579 2004 in
602 1959 643 2005 se
664 1959 933 2005 redeundum
955 1957 1041 2013 est,
1062 1957 1203 2004 immo
1222 1959 1351 2006 etiam
1372 1977 1395 2006 a
1415 1962 1458 2008 se

182 2034 486 2084 recedendum.
506 2034 606 2079 Hoc
625 2032 705 2079 tibi
718 2068 731 2089 ⁹
751 2032 824 2078 etsi
840 2029 1080 2078 dividimur
1099 2031 1231 2090 mari,
1245 2033 1460 2096 praestare

184 2104 362 2151 tentabo
377 2139 393 2160 ‚
414 2115 461 2150 ut
492 2103 673 2150 dubium
697 2104 795 2149 viae
810 2138 823 2160 ‚
846 2101 1000 2149 inie&a
1019 2119 1178 2160 manu,
1208 2106 1263 2150 ad
1280 2104 1462 2150 meliora

186 2166 446 2240 perducam}
470 2179 522 2222 Et
559 2193 615 2223 ne
651 2175 925 2222 solitudinem
959 2173 1144 2233 sentias,
1181 2176 1283 2222 hinc
1314 2191 1461 2224 tecum

187 2250 380 2297 miscebo
418 2250 651 2297 sermoneS.
683 2249 854 2295 Erimus
883 2264 998 2308 una,
1026 2265 1110 2310 qua
1149 2263 1269 2310 parte
1304 2249 1468 2312 optimi.

188 2322 332 2368 sumus
354 2338 363 2365 ε
385 2321 580 2367 dabimus
598 2321 790 2368 invicem
812 2319 990 2367 confilia
1006 2355 1019 2377 ‚
1050 2336 1140 2366 non
1159 2337 1214 2367 ex
1242 2323 1366 2369 vultu
1386 2340 1465 2368 au-

190 2395 347 2443 dientis
366 2395 609 2459 pendentia.
636 2397 788 2458 Longe
817 2408 860 2441 te
895 2394 949 2440 ab
979 2393 1056 2440 ista
1077 2394 1310 2456 provincia
1327 2396 1465 2451 abdu-⁴
