1730 2870
273 190 330 237 52
492 175 541 222 L.
590 174 897 220 ANNAE1
947 175 1315 222 SENECAE

265 282 315 326 In
342 280 431 327 hoc
457 280 748 328 contubernio
779 279 882 326 vita*
901 280 1095 343 degenda
1125 280 1198 327 est.
1233 281 1434 345 Effugere
1464 282 1540 331 ista

263 368 356 397 non
382 367 532 414 pote5‚
552 364 833 398 contemnere
862 366 1019 414 potes:
1047 367 1302 399 contemnes
1326 367 1492 410 autem,
1510 357 1541 402 fi

262 423 387 485 saepe
409 423 689 487 cogitaveris,
707 437 750 469 et
769 422 911 469 futura
931 423 1245 486 praesumseris.
1274 427 1422 473 Nemo
1445 445 1539 473 non

260 497 419 543 fortius
452 498 506 542 ad
538 496 582 542 id
617 496 686 542 cui
719 495 759 542 se
789 495 862 542 diu
898 495 1238 558 composuerat,
1269 499 1468 557 acceffit,
1497 513 1541 547 et

260 570 377 617 duris
412 586 625 632 quoque,
659 570 689 616 fi
727 568 1037 632 praemeditata
1071 581 1222 625 erant,
1256 571 1436 619 obstitit.
1478 576 1538 621 At

258 657 412 690 contra
431 641 667 704 imparatus
684 678 697 699 ,
728 642 857 688 etiam
879 640 1092 688 levissima
1119 643 1314 704 expavit.
1337 645 1383 690 Id
1403 663 1535 709 agen-

258 718 361 763 dum
383 716 464 774 est,
486 733 540 762 ne
567 716 673 778 quid
697 715 825 762 nobis
849 714 1123 777 inopinatum
1154 713 1203 761 fit
1226 733 1235 761 :
1258 728 1301 763 et
1318 717 1417 780 quia
1438 736 1537 764 om-

254 789 324 835 nia
360 788 556 834 novitate
587 787 792 851 graviora
834 786 955 842 sunt,
995 786 1102 833 haec
1137 787 1346 850 cogitatio
1376 789 1537 838 affidua

252 860 508 923 praestabit,
539 876 588 906 ut
612 859 716 906 nulli
749 858 801 905 sis
830 859 949 904 malo
986 858 1086 905 tiro.
1123 859 1249 906 Servi
1277 876 1320 908 te
1345 862 1533 925 relique-

250 944 364 978 runt.
412 932 556 978 Alium
597 931 981 991 compilaverunt,
1016 930 1149 977 alium
1187 931 1532 986 accusaverunt,

249 1005 381 1053 alium
414 1005 698 1062 occiderunt,
726 1005 858 1050 alium
884 1002 1202 1067 prodiderunt,
1229 1006 1360 1052 alium
1394 1008 1531 1055 calca-

231 1088 441 1137 'verunt‚
481 1081 609 1127 aIium
644 1096 819 1127 veneno
840 1114 853 1136 ,
881 1078 1022 1125 alium
1047 1078 1354 1127 criminatione
1389 1083 1532 1144 perie-

246 1167 360 1201 runt.
411 1153 647 1216 Quidquid
684 1153 873 1209 dixeris,
910 1152 1056 1200 multis
1085 1152 1259 1199 accidit.
1307 1154 1531 1218 Deinceps

245 1244 357 1290 quae
390 1227 524 1273 multa
553 1239 594 1272 et
619 1226 740 1272 varia
764 1227 887 1281 sunt,
909 1225 953 1270 in
978 1241 1059 1271 nos
1086 1223 1348 1288 diriguntur.
1378 1229 1530 1288 Quae-

243 1300 345 1346 dam
381 1300 428 1345 in
458 1315 541 1346 nos
578 1297 662 1344 fixa
699 1298 824 1356 sunt,
859 1298 1072 1361 quaedam
1107 1297 1315 1356 vibrant,
1348 1310 1390 1346 et
1425 1317 1527 1347 cum

241 1373 432 1419 maxime
456 1371 662 1429 veniunt,
693 1371 989 1434 quaedam-acl
1018 1370 1126 1417 alios
1159 1386 1424 1432 perventura
1444 1389 1526 1420 nos

240 1444 467 1509 stringunt.
485 1444 608 1491 Nihil
637 1444 849 1490 miremur
868 1459 1023 1489 eorum
1042 1443 1096 1488 ad
1117 1459 1228 1506 quae
1247 1443 1336 1490 nati
1356 1444 1526 1492 sumus:

239 1535 353 1582 quae
373 1518 477 1565 ideo
500 1517 606 1565 nulli
619 1516 886 1579 quaerenda,
914 1515 1016 1579 quia
1042 1516 1161 1578 paria
1186 1515 1281 1562 sunt
1306 1515 1527 1565 omnibus.

238 1596 304 1640 Ita
330 1593 459 1649 dico,
479 1591 600 1656 paria
626 1590 734 1644 sunt.
761 1606 860 1636 nam
882 1590 1011 1637 etiam
1031 1590 1152 1653 quod
1172 1589 1325 1654 effugit
1343 1590 1495 1655 aliquis
1509 1629 1524 1649 ‚

238 1665 331 1729 pati
358 1665 516 1727 potuit.
555 1669 756 1727 Aequum
785 1674 928 1709 autem
961 1662 1026 1710 ius
1054 1662 1147 1720 est,
1178 1680 1269 1709 non
1297 1681 1390 1726 quo
1420 1681 1521 1711 om-

237 1755 315 1786 nes
338 1738 399 1784 usi
426 1736 545 1794 sunt,
574 1738 647 1784 sed
675 1737 799 1800 quod
826 1734 1034 1782 omnibus
1062 1735 1195 1782 latum
1224 1735 1298 1782 est.
1327 1739 1520 1798 Impere-

235 1824 307 1858 tur
331 1811 521 1875 aequitas
551 1811 724 1866 animo,
751 1823 794 1857 et
819 1811 904 1857 fine
930 1809 1108 1874 querela
1134 1810 1408 1857 mortalitatis
1438 1813 1520 1859 tri-

233 1886 339 1933 buta
371 1887 624 1949 pendamus.
663 1886 818 1932 Hiems
850 1885 1014 1948 frigora
1045 1884 1254 1931 adducit:
1284 1885 1516 1948 algendum

232 1958 308 2006 est.
335 1958 471 2006 aestas
501 1958 668 2006 calores
699 1958 831 2005 refert
852 1957 1162 2006 :aestuandum
1195 1957 1269 2004 est.
1304 1958 1518 2021 intempe-

232 2031 374 2092 peries
404 2031 517 2078 coeli
555 2030 850 2078 valetudinem
879 2042 1016 2078 tentat
1046 2048 1056 2077 :
1087 2031 1406 2095 aegrotandum
1440 2033 1517 2082 est.

230 2104 285 2150 Et
310 2103 402 2151 fera
431 2104 559 2152 nobis
589 2105 694 2152 loco
724 2117 956 2162 occurret,
989 2116 1032 2151 et
1056 2104 1197 2151 homo
1226 2104 1516 2167 perniciosior

228 2175 332 2222 feris
363 2178 581 2225 omnibus.
602 2177 736 2225 Aliud
754 2187 890 2241 aqua,
921 2176 1039 2224 aliud
1061 2177 1172 2240 ignis
1190 2177 1353 2240 eripiet.
1390 2178 1514 2225 Hanc

229 2263 376 2295 rerum
407 2250 713 2298 conditionem
745 2263 911 2299 mutare
936 2267 1027 2296 non
1061 2249 1318 2312 possumus:
1341 2250 1389 2297 id
1414 2251 1515 2313 pos-

228 2316 400 2376 sumus,
424 2336 631 2384 magnum
654 2320 823 2367 sumere
844 2320 1037 2367 animum
1058 2351 1073 2374 ‚
1091 2332 1135 2366 et
1154 2319 1253 2365 viro
1274 2319 1396 2365 bono
1414 2318 1514 2383 dig--

227 2406 333 2436 num
354 2427 367 2450 ,
411 2410 504 2456 quo
541 2393 714 2441 fortiter
753 2394 930 2441 fortuita
964 2393 1210 2457 patiamur,
1252 2406 1296 2440 et
1333 2407 1511 2439 naturae

226 2465 560 2516 consentiamus.
587 2469 753 2516 Natura
773 2480 915 2517 autem
940 2468 1051 2528 hoc,
1075 2468 1201 2532 quod
1226 2468 1379 2525 vides,
1406 2482 1509 2530 reg-
