1730 2870
495 173 1081 221 EplsTOLA'E.
1375 191 1439 237 91*

161 282 223 330 est
248 301 259 329 :
298 281 326 328 fi
346 281 416 328 ille
433 281 698 344 procubuit,
740 293 782 327 et
813 294 958 342 cetera
987 280 1228 344 sequuntur
1257 279 1440 329 ruinam.

412 389 517 449 Rege
543 385 768 442 incolumi,
799 404 914 431 mens
944 388 1136 432 omnibus
1168 403 1256 432 una
1271 381 1344 451 cst.

162 504 176 527 ζ
227 468 396 534 Amzffi
413 501 428 526 ‚
453 487 586 531 rupere
598 469 743 527 fidem.

162 579 257 624 Rex
279 576 426 623 noster
444 576 505 622 est
526 575 706 621 animus.
723 574 812 620 hoc
831 573 1048 620 incolumi
1062 608 1074 628 ‚
1105 584 1246 620 cetera
1268 583 1447 618 manent

161 651 207 696 in
228 650 408 704 officio,
435 663 590 713 parent
615 660 657 693 et
680 647 985 708 obtemperant
1006 665 1016 691 :
1042 664 1143 693 cum
1166 647 1236 692 ille
1267 646 1445 709 paulum

161 721 420 779 vacillavit,
453 721 575 768 fimul
607 732 774 767 nutant.
820 722 934 766 Cum
971 734 1084 765 vero
1124 717 1244 764 ceffit
1282 717 1449 780 volup-

162 796 265 854 tati,
287 810 415 844 *artes
434 811 617 860 quoque
645 795 763 850 eius,
792 793 994 856 actusque
1021 805 1245 849 marcent,
1280 803 1323 837 et
1347 807 1450 836 om·

163 870 230 916 nis
249 887 303 916 ex
331 870 542 934 languido
561 868 780 931 'fluxoque
809 881 991 913 conatus
1007 865 1090 912 est.
1117 863 1345 924 Quoniam
1369 864 1452 911 hac

164 943 443 991 similitudine
477 943 576 989 usus
620 943 710 988 sum
731 979 743 1000 ,
795 940 1098 1004 perseverabo,
1144 938 1330 984 Animus
1366 953 1454 983 no-

163 1016 250 1062 ·ster
282 1018 422 1063 modo
445 1034 524 1062 rex
557 1015 646 1074 est,
677 1017 816 1061 modo
850 1028 1083 1078 tyrannus.
1118 1028 1224 1068 rex,
1250 1027 1351 1058 cum
1379 1010 1456 1057 ho-

163 1088 283 1134 'nesta
302 1089 531 1141 intuetur,
566 1088 739 1134 salutem
773 1086 851 1132 fibi
889 1084 1107 1133 commisti
1139 1083 1342 1146 corporis
1375 1102 1454 1131 cu—

165 1175 254 1217 rat,
274 1176 317 1206 et
339 1159 444 1204 nihil
464 1159 653 1221 imperat
675 1171 803 1221 turpe
821 1193 834 1215 ,
854 1157 959 1203 nihil
976 1156 1199 1203 sordidum
1218 1171 1229 1199 z
1251 1155 1327 1201 ubi
1346 1171 1456 1202 vero

166 1233 418 1296 impotens,
447 1234 663 1295 cupidus,
690 1232 898 1279 delicatus
926 1230 1015 1288 est,
1044 1229 1190 1277 tranfit
1216 1229 1261 1275 in
1290 1245 1458 1275 nomen

168 1308 421 1355 detestabile
452 1325 501 1354 ac
536 1309 713 1365 dirum,
745 1319 788 1354 et
822 1306 870 1355 fit
903 1319 1133 1372 tyrannus.
1172 1306 1303 1351 Tunc
1333 1304 1458 1350 illum

168 1382 398 1444 excipiunt
421 1380 597 1428 affectus
624 1381 889 1445 impotentes
909 1417 921 1437 ,
952 1379 1196 1442 instantque
1224 1397 1235 1425 ε
1261 1378 1336 1442 qui
1369 1377 1458 1424 ini-

170 1453 235 1500 tio
255 1453 435 1516 quidem
470 1470 517 1515 gf
513 1453 659 1509 ridet,
686 1465 734 1500 ut
762 1454 870 1501 sclct
904 1452 1097 1516 populus
1122 1451 1351 1515 largitione
1375 1466 1460 1496 no-

170 1524 307 1571 citura
324 1523 478 1570 frustra
497 1524 666 1585 plenus,
683 1537 725 1571 et
745 1542 856 1588 quae
879 1541 970 1571 non
988 1525 1128 1605 potest
1146 1523 1336 1581 haurire,
1356 1539 1460 1570 con-

171 1596 335 1642 trectat.
363 1596 476 1641 Cum
502 1613 613 1641 vero
632 1597 766 1659 magis
786 1614 835 1644 ac
858 1596 993 1659 magis
1008 1597 1124 1644 vires
1144 1597 1328 1643 morbus
1354 1611 1462 1642 exe-

172 1671 263 1729 dit,
297 1682 339 1717 et
365 1671 407 1716 in
432 1687 471 1715 n.
455 1671 551 1715 “mel
553 1670 638 1717 illas
669 1672 917 1734 nervosque
950 1670 1211 1718 descendere
1245 1670 1460 1717 deliciae:

157 1745 408 1799 conspectu
425 1762 581 1791 eorum
599 1781 612 1803 ,
645 1746 803 1810 quibus
825 1746 865 1793 se
884 1746 1017 1792 nimia
1035 1747 1244 1792 aviditate
1264 1744 1462 1791 inutilem

172 1818 384 1879 reddidit,
412 1819 566 1874 laetus,
596 1837 677 1871 prr>
700 1820 781 1866 suis
809 1820 1113 1883 voluptatibus
1138 1820 1268 1867 habet
1296 1819 1462 1882 speeta-

163 1885 319 1940 ‘culur'n
335 1892 574 1940 alienarum
589 1929 604 1950 ‚
626 1892 970 1941 thh1-22213strat01·
984 1893 1215 1940 libidinum
1239 1891 1462 1956 testisque,

175 1985 362 2031 quarum
395 1967 474 2013 fibi
498 1967 624 2013 usum
657 1968 901 2031 ingerendo
934 1966 1136 2024 abstulit3
1169 1966 1335 2014 necilli
1371 1978 1462 2013 tam

175 2055 346 2103 gratum
367 2038 427 2086 est
447 2040 666 2086 abundare
687 2039 906 2098 {uctmdiz
926 2056 1057 2103 quam
1088 2039 1320 2096 acerbum,
1341 2036 1465 2101 quod

176 2130 271 2160 non
303 2131 481 2160 omnem
512 2114 634 2160 illum
666 2129 923 2177 apparatum
956 2131 1037 2177 per
1062 2113 1206 2176 gulam
1238 2125 1466 2160 ventrem-

179 2202 266 2248 que
292 2185 567 2233 transmittit:
587 2204 678 2232 non
700 2204 799 2233 curn
825 2186 949 2233 omni
975 2187 1249 2232 exoletorum
1279 2182 1467 2230 femina-

178 2274 367 2321 rumque
391 2259 518 2304 turba
539 2259 858 2306 convolutatur
880 2276 891 2304 t
919 2270 1200 2320 moeretque‚
1225 2257 1349 2320 quod
1371 2271 1469 2301 ma-

179 2348 262 2394 gna
299 2350 394 2395 pars
425 2332 521 2379 suae
548 2333 766 2380 felicitatis
796 2333 970 2381 exclusa
1000 2332 1202 2396 corporis
1233 2329 1469 2395 angustiis,

179 2404 324 2451 ceffat.
370 2406 598 2460 Numquid
635 2405 780 2462 enirn,
819 2404 878 2451 mi
915 2404 1078 2462 Lucili,
1113 2404 1183 2452 hic
1220 2403 1347 2451 furor
1375 2402 1469 2460 est,

181 2478 306 2540 quod
324 2495 458 2526 nemo
486 2478 684 2526 nostrum
706 2478 938 2527 mortalem
959 2478 1000 2526 se
1026 2477 1223 2542 cogitat?
1252 2476 1372 2542 quod
1394 2492 1469 2524 ne-
