1730 2870
387 141 651 187 NATUR.
697 140 994 199 QUAEST.
1042 141 1162 185 LIB.
1198 141 1268 185 111.
1370 144 1456 187 261

186 243 344 302 moris,
369 260 497 307 quam
524 243 690 305 semper
715 242 826 300 fuit,
854 243 937 291 fiet.
965 245 1096 292 Nunc
1115 244 1233 290 enim
1251 244 1461 293 elementa

184 318 236 362 ad
264 317 331 374 id,
367 315 489 378 quod
518 315 726 373 debetur,
757 316 884 378 pensa
922 318 1030 363 sunt.
1069 315 1246 379 Aliquid
1285 332 1463 380 oportet

186 390 307 436 alteri
327 388 501 435 accedat
517 424 532 444 ,
548 400 594 433 ut
612 405 722 452 quae
740 389 1000 435 libramento
1021 388 1154 444 stant,
1180 389 1461 452 inaequalitas

183 461 337 508 turbet.
372 462 562 507 Accedet
579 460 766 506 humori.
800 461 842 506 N
847 477 930 508 unc
950 461 1065 507 enim
1098 460 1230 507 habet
1247 477 1348 524 ‚quo
1367 479 1460 508 am-

181 534 269 580 biat
294 546 451 588 terras,
483 551 572 579 non
603 549 692 596 quo
723 533 894 579 obruat.
924 533 1158 596 Quidquid
1190 533 1460 581 illiacceffe—

180 606 264 663 rit,
297 607 466 653 necesse
497 606 557 653 est
586 607 630 653 in
660 606 847 652 alienum
882 606 1027 653 locum
1048 606 1249 654 exundet.
1278 608 1458 654 Undare

178 695 284 742 ergo
304 693 417 727 terra
435 681 589 736 debet,
609 693 657 726 ut
676 679 881 727 validiori
903 678 1077 725 infirma
1096 680 1358 728 succumbat.
1382 683 1457 726 In-

179 752 311 813 cipiet
333 770 439 816 ergo
471 753 743 815 putrescere,
776 752 933 799 dehinc
962 752 1099 798 laxata
1129 752 1193 798 ire
1222 751 1265 797 in
1293 752 1457 798 humo-

179 843 297 883 rem,
341 842 384 874 et
417 828 576 873 affidua
612 828 711 874 tabe
748 827 951 873 defluere.
988 829 1117 873 Tunc
1151 828 1345 874 exsilient
1382 828 1458 875 sub

180 901 403 947 montibus
433 900 642 959 flumina,
666 901 867 964 ipsosque
890 901 1058 963 impetu
1085 901 1281 965 quatient
1311 919 1321 948 :
1355 902 1458 950 inde

177 992 278 1021 aura
309 975 439 1023 tacita
473 977 720 1022 manabunt.
752 977 903 1023 Solum
940 993 1073 1023 omne
1105 993 1236 1039 aquas
1270 977 1457 1036 reddet,

177 1048 333 1094 summi
362 1048 596 1096 scaturient
631 1062 835 1096 montes:
861 1050 1234 1112 quemadmodum
1265 1049 1309 1095 in
1335 1067 1455 1096 mor-

175 1120 279 1166 bum
300 1120 518 1167 transeunt
546 1121 668 1179 sana,
703 1134 745 1167 et
765 1121 900 1168 ulceri
919 1122 1063 1168 vicina
1083 1122 1357 1168 consentiunt
1375 1140 1385 1168 :
1407 1133 1454 1169 ut

172 1209 370 1255 quaeque
390 1193 588 1254 proxima
617 1194 743 1240 terris
761 1193 996 1240 fluentibus
1016 1193 1205 1249 fuerint,
1230 1195 1455 1260 eluentur,

173 1264 418 1318 stillabunt,
444 1277 487 1311 et
504 1266 658 1311 deinde
677 1276 850 1311 current
868 1299 881 1317 ‚
899 1279 941 1311 et
962 1265 1110 1310 hiante
1129 1265 1327 1322 pluribus
1345 1265 1456 1309 locis

170 1336 300 1392 saxo,
332 1351 409 1397 per
427 1334 584 1381 fretum
609 1334 786 1387 salient,
824 1346 867 1379 et
884 1333 1020 1378 maria
1047 1333 1160 1379 inter
1188 1333 1228 1380 se
1260 1350 1451 1396 compe«

171 1422 288 1456 nent.
327 1407 448 1455 Nihil
479 1419 605 1455 erunt
635 1406 908 1462 Hadriatici,
946 1405 1055 1451 nihil
1085 1405 1219 1451 Siculi
1248 1407 1454 1468 aequoris

172 1481 338 1537 fauces,
358 1480 467 1526 nihil
486 1478 753 1542 Charybdis,
778 1478 885 1524 nihil
904 1477 1060 1541 Scylla.
1083 1479 1253 1524 Omnes
1278 1494 1450 1525 novum

172 1572 290 1601 mare
310 1553 472 1600 fabulas
498 1554 684 1608 obruet,
721 1565 764 1597 et
783 1551 855 1598 hic
875 1551 952 1613 qui
981 1564 1116 1597 terras
1146 1551 1283 1615 cingit
1303 1553 1449 1599 Ocea-

171 1644 250 1674 nus
274 1639 509 1683 extremas,
535 1625 683 1672 veniet
701 1623 747 1669 in
764 1624 970 1670 medium.
990 1625 1112 1684 Quid
1134 1642 1242 1688 ergo
1261 1625 1354 1672 est?
1376 1626 1447 1672 ni-

171 1699 410 1746 hilominus
426 1698 588 1746 tenebit
607 1698 772 1744 alienos
792 1697 959 1744 menses
979 1698 1115 1743 hiems
1134 1734 1148 1755 ,
1182 1697 1313 1745 aestas
1332 1716 1449 1761 pro-

169 1772 409 1829 hibebitur,
429 1786 472 1818 et
491 1771 789 1834 quodcunque
808 1782 942 1817 terras
965 1769 1076 1816 fidus
1094 1771 1302 1829 exsiccat,
1319 1776 1446 1819 comi-

169 1845 315 1909 presso
333 1844 493 1891 ardore
514 1843 699 1891 cessabit.
712 1842 919 1890 Peribunt
934 1855 1001 1889 tot
1018 1843 1221 1900 nomina,
1236 1845 1444 1908 Caspium

168 1933 212 1965 et
233 1918 430 1964 Rubrum
449 1934 588 1972 mare,
609 1915 830 1963 Ambracii
848 1928 890 1963 et
909 1916 1072 1963 Cretici
1088 1916 1220 1971 finus,
1241 1918 1445 1978 Propon-

166 1990 221 2038 tis
244 2004 286 2036 et
305 1991 479 2036 Pontus.
509 1989 672 2035 Peribit
690 2005 826 2036 omne
855 1988 1097 2036 discrimen.
1129 1987 1442 2036 Confundetur

166 2059 380 2124 quidquid
411 2059 458 2105 in
491 2060 582 2107 suas
613 2072 754 2122 partes
785 2074 936 2107 natura
969 2060 1149 2124 digeffit.
1185 2062 1291 2107 Non
1326 2062 1439 2108 muri

167 2148 448 2197 quenquam,
482 2149 573 2180 non
603 2144 741 2181 turres
772 2133 1022 2182 tuebuntur.
1060 2135 1165 2180 Non
1195 2134 1440 2195 proderunt

165 2204 326 2265 templa
351 2202 636 2266 supplicibus,
669 2222 750 2253 nec
769 2205 943 2252 urbium
962 2207 1162 2252 summa:
1190 2205 1352 2268 quippe
1370 2205 1440 2252 fu-

164 2277 330 2339 gientes
353 2277 467 2323 unda
487 2278 768 2339 praeveniet,
796 2294 849 2325 ex
873 2295 928 2325 ex
946 2278 1043 2340 ipsis
1062 2277 1233 2325 arcibus
1257 2278 1439 2326 deferet.

164 2349 261 2394 Alia
278 2349 331 2394 ab
349 2350 503 2396 occasu
518 2385 531 2407 ,
552 2349 632 2396 alia
652 2351 706 2396 ab
725 2350 895 2397 oriente
909 2362 1201 2397 concurrent:
1228 2368 1336 2398 unus
1355 2351 1437 2398 hu-

165 2437 342 2469 manum
371 2440 506 2487 genus
524 2423 685 2492 condet
704 2423 806 2472 dies.
840 2422 1072 2487 Quidquid
1092 2435 1180 2469 tam
1199 2424 1328 2487 longa
1344 2423 1437 2470 fore

1080 2496 1120 2542 R
1157 2513 1180 2558 3
