1730 2870
190 178 219 228 8
287 175 289 179 ’
447 182 496 227 L.
532 180 829 227 ANNAEI
879 181 1237 230 SENECAE

182 286 406 333 fortunam
433 304 444 333 :
468 288 691 335 materiam
719 287 790 334 dat
817 287 1038 336 bonorum
1067 306 1118 336 ac
1148 290 1389 347 malorum,
1420 303 1464 339 et

181 360 306 408 initia
329 378 473 409 rerum
498 362 612 424 apud
644 378 724 412 nos
752 362 796 408 in
827 362 989 409 malum
1018 363 1245 431 bonumve
1264 366 1461 412 exitura-

183 452 297 482 rum,
328 436 557 482 Valentior
585 435 701 483 enim
736 436 860 482 omni
889 435 1064 483 fortuna
1091 437 1261 485 animus
1290 439 1349 486 est
1376 459 1387 487 :
1418 440 1465 487 in

182 520 414 571 utramque
447 522 614 571 partem
641 508 730 571 ipse
756 526 824 556 res
854 508 946 555 suas
973 510 1121 567 ducit,
1149 510 1384 574 beataeque
1416 529 1466 560 ac

183 579 364 626 miserae
387 581 504 627 vitae
530 582 606 628 fibi
637 580 760 628 causa
779 581 852 628 est.
880 583 1021 630 Malus
1047 583 1195 630 omnia
1227 583 1271 629 in
1300 585 1468 632 malum·

181 654 349 712 vertit,
378 654 507 701 etiam
536 671 646 716 quae
682 654 825 717 specie
856 656 1015 718 optimi
1045 673 1255 703 venerant
1285 675 1296 703 :
1328 659 1467 705 'renus

181 740 312 790 atque
337 727 531 791 integer,
550 728 728 791 corrigit
750 745 882 789 prava
907 727 1130 782 fortunae3
1149 744 1192 775 et
1212 730 1316 775 dura
1337 744 1466 793 atque

183 800 330 863 aspera
345 836 358 856 ,
382 799 554 847 ferendi
576 801 747 847 scientia
780 801 919 846 mollit
941 819 952 847 :
979 802 1185 865 idemque
1206 814 1248 849 et
1277 801 1464 849 secunda

183 888 306 936 grate
332 874 498 936 excipit
525 873 838 936 modesteque,
866 887 908 921 et
931 874 1107 920 adversa
1128 874 1372 922 constanter
1399 887 1467 922 at-

183 963 274 1010 que
298 946 482 994 fortiter.
511 947 603 1007 Qui
622 946 720 993 licet
739 947 930 1009 prudens
950 946 999 992 fit
1015 979 1028 1003 ,
1049 947 1151 995 licet
1170 948 1325 993 exafio.
1339 945 1470 995 faciat

184 1022 340 1067 cimela
369 1021 566 1078 iudicio,
601 1021 701 1067 licet
733 1021 837 1066 nihil
871 1021 994 1083 supra
1030 1021 1147 1069 vires
1179 1021 1271 1067 suas
1302 1031 1467 1067 tentet:

184 1110 279 1140 non
319 1093 535 1157 contingit
569 1093 631 1139 illi
663 1094 827 1139 bonum
861 1093 1079 1158 integrum
1113 1094 1248 1151 illud,
1280 1105 1321 1139 et
1349 1105 1470 1141 extra

184 1167 326 1215 minas
347 1168 550 1216 fortunae
576 1168 764 1229 politum
781 1205 793 1226 ‚
819 1169 897 1214 nisi
920 1178 1064 1216 certus
1082 1168 1287 1215 adversus
1303 1167 1469 1216 incerta

185 1241 259 1287 est.
279 1241 381 1288 Sive
406 1241 513 1288 alios
531 1240 765 1287 observare
784 1242 980 1289 volueris
1002 1240 1201 1306 (liberius
1218 1241 1334 1287 enim
1355 1241 1470 1288 inter

187 1314 324 1360 aliena
344 1314 555 1361 iudicium
576 1313 668 1378 est)
690 1314 779 1361 five
799 1315 982 1377 teipsum
1005 1314 1165 1361 favore
1185 1314 1398 1377 sepofit03
1426 1328 1470 1362 et

186 1387 342 1434 senties
361 1387 448 1434 hoc
467 1420 480 1441 ‚
511 1400 554 1435 et
573 1386 874 1442 confiteberis,
906 1388 966 1434 nil
984 1405 1036 1434 ex
1060 1389 1124 1434 his
1142 1388 1407 1450 optabilibus
1427 1401 1470 1434 et

188 1459 299 1506 caris
316 1459 422 1506 utile
438 1459 546 1513 esse,
574 1461 647 1506 nisi
669 1473 711 1507 te
732 1474 886 1506 contra
906 1460 1122 1507 levitatem
1140 1461 1280 1514 casus,
1301 1460 1471 1507 rerum-

189 1552 276 1598 que
312 1536 456 1582 casum
492 1535 761 1599 sequentium
780 1568 794 1591 ‚
828 1535 1107 1581 instruxeris:
1139 1535 1215 1581 nisi
1245 1535 1349 1580 illud
1380 1534 1468 1580 fre-

189 1622 374 1671 quenter
400 1622 441 1657 et
458 1609 544 1655 fine
563 1611 736 1672 querela
751 1646 764 1665 ‚
793 1610 907 1655 inter
924 1608 1083 1673 singula
1103 1610 1260 1655 damna
1279 1608 1437 1654 dixeris
1455 1624 1468 1653 :

191 1684 295 1731 Diis
313 1684 433 1729 aliter
450 1683 589 1729 visum
606 1683 679 1729 est.
696 1687 838 1729 lmmo
850 1683 1118 1739 mehercule,
1136 1696 1182 1730 ut
1195 1700 1367 1729 carmen
1383 1681 1470 1727 for-

190 1759 274 1804 tius
301 1775 355 1807 ac,
379 1755 527 1804 iustius
547 1770 715 1818 petam,
745 1773 838 1820 quo
859 1755 1053 1802 animum
1079 1769 1201 1802 tuum
1230 1755 1366 1819 magis
1382 1752 1468 1800 ful-

191 1832 304 1888 cias,
328 1831 415 1877 hoc
446 1831 613 1885 dicito,
641 1831 811 1894 quoties
836 1830 999 1893 aliquid
1031 1829 1152 1876 aliter
1185 1846 1314 1891 quam
1348 1826 1470 1890 cogi-

189 1905 308 1951 tabas
329 1904 521 1950 evenerit
542 1922 552 1950 :
577 1904 653 1950 Dii
675 1903 848 1950 melius!
874 1904 944 1949 Sic
963 1902 1213 1965 composito
1234 1901 1338 1947 nihil
1358 1901 1469 1948 acci·
1506 1915 1509 1919 ’

191 1977 278 2023 der.
298 1977 354 2021 sic
378 1990 523 2022 antem
546 1988 862 2038 componetur,
882 1975 908 2020 si
926 2008 940 2030 ‚
961 1975 1068 2038 quid
1091 1975 1377 2020 humanarum
1397 1990 1470 2018 re·-

191 2065 289 2094 rum
314 2048 498 2094 varietas
526 2048 677 2110 possit,
710 2049 996 2112 cogitaverit,
1023 2059 1256 2110 antequam
1285 2044 1470 2093 senserit.
1528 2094 1531 2098 f
1555 2074 1558 2076 -

191 2120 234 2166 Si
266 2134 307 2167 et
331 2121 520 2177 liberos,
552 2133 593 2166 et
613 2122 877 2185 coniugem,
908 2134 1039 2184 atque
1071 2118 1383 2183 patrimonium
1412 2117 1470 2164 fic

192 2193 414 2250 habuerit,
439 2207 647 2252 tanquam
677 2211 764 2239 non
788 2195 937 2252 utique
966 2193 1135 2256 semper
1152 2191 1376 2238 habiturus
1396 2208 1406 2236 ε
1427 2205 1471 2237 et

192 2283 396 2330 tanquam
417 2285 506 2313 non
528 2267 696 2314 futurus
720 2268 780 2313 ob
802 2269 886 2314 hoc
905 2267 1104 2313 miserior
1118 2301 1132 2324 ‚
1161 2265 1192 2311 fi
1210 2265 1370 2312 habere
1395 2264 1471 2309 de-

193 2338 321 2386 fierit,
347 2341 634 2387 Calamitosus
659 2341 718 2387 est
750 2341 918 2387 animus
943 2339 1079 2386 futuri
1109 2339 1281 2394 anxius,
1302 2351 1345 2384 et
1372 2350 1471 2382 ante

195 2413 385 2459 miserias
412 2414 536 2459 miser
550 2446 564 2468 ‚
586 2414 661 2477 qui
683 2413 875 2460 solicitus
900 2412 986 2475 est,
1010 2424 1057 2459 ut
1079 2428 1127 2458 ea
1146 2411 1304 2474 quibus
1328 2409 1471 2455 delec-

193 2499 333 2546 tatur,
361 2489 416 2535 ad
440 2503 685 2536 extremum
713 2488 850 2551 usque
872 2497 1167 2551 permaneant.
1194 2482 1333 2530 Nullo
1352 2479 1470 2527 enim
