1730 2870
405 142 409 143 γ
445 69 530 121 DE
564 73 782 119 MORTE
815 72 905 118 CL.
936 72 1227 119 CAESAms.
1381 71 1474 135 385

201 173 360 225 nonin
388 186 482 225 'rem
506 176 758 224 sententiam
786 176 931 223 dicere
948 212 962 234 ‚
992 178 1147 224 censeo
1179 195 1234 225 ne
1260 178 1356 242 quis
1382 178 1482 242 post

198 252 321 297 hunc
334 251 450 297 diem
470 249 573 295 deus
591 247 663 294 fiat
680 265 734 294 ex
753 248 840 303 his,
860 249 936 312 qui
955 257 1105 312 ἀρούρης
1130 260 1274 311 χαροπὴν
1294 256 1477 298 Zethum:

198 334 274 369 ‘aut
293 339 348 369 ex
366 322 457 377 his,
487 338 600 384 quos
619 321 694 366 alit
719 328 892 379 ζείδωρος
916 329 1063 382 ἄρουρα.
1087 321 1180 380 Qui
1208 335 1364 367 contra
1392 321 1482 368 hoc

203 397 282 441 SC.
306 395 431 441 Deus
449 394 582 442 fastus
596 428 610 451 ‚
630 395 753 441 fidius
767 427 780 451 ,
810 393 1001 456 piihisve
1021 395 1105 441 erit
1121 430 1134 449 ‚
1153 412 1255 442 eum
1274 396 1377 442 dedi
1395 395 1482 440 lar-

203 469 272 516 vis
284 503 299 524 ,
318 480 366 514 et
388 467 598 529 proximo
619 481 802 513 'munere
830 465 942 511 inter
959 482 1104 513 novos
1123 469 1370 514 ειιξὶοτειῑος
1384 503 1397 524 ,
1418 458 1483 512 fe-

201 541 305 588 rulis
331 541 536 603 vapulare
563 541 714 603 placet.
742 540 973 585 Proximus
990 538 1283 602 interrogatur
1301 533 1482 586 senten-

200 613 306 659 tiam
326 613 549 675 Diespiter
577 613 713 658 Vicae
738 613 870 658 Potae
892 609 1031 667 filius,
1063 627 1106 658 et
1133 611 1222 672 ipse
1241 612 1483 675 designatus

203 685 307 733 Cos.
328 685 700 732 nummulariolu-s.
730 686 813 732 Hic
832 682 1008 747 quaestu
1028 684 1072 729 se
1088 683 1342 742 sustinebat,
1368 702 1482 731 ven-

203 760 307 805 dere
322 757 564 805 civitatulas
585 758 759 804 solebat,
780 757 850 803 Ad
868 756 1039 802 huncce
1057 755 1164 801 belle
1178 757 1350 805 aeceffit
1369 758 1484 803 Her-

208 832 321 878 cules
334 862 350 887 ,
371 843 414 877 et
440 830 674 876 auriculam
699 831 739 875 ei
765 829 920 891 tetigit.
953 830 1100 891 Iraque
1131 829 1176 874 in
1209 829 1316 874 haec
1345 829 1484 875 verba

203 904 347 953 censet
365 921 375 949 :
396 904 512 950 Cum
537 904 682 950 Divus
701 902 907 949 Claudius
930 902 1100 949 Divum
1128 893 1367 964 Augustum
1388 901 1485 948 san-

201 977 334 1040 guine
352 976 577 1041 contingat
591 1010 604 1033 ‚
631 991 711 1022 nec
732 974 872 1020 minus
891 975 1055 1021 Divam
1078 963 1313 1038 Aussustam
1335 975 1482 1021 aviam

205 1048 319 1094 suam
335 1079 349 1102 ,
374 1063 506 1110 quam
530 1046 620 1108 ipse
640 1046 785 1092 Deam
816 1045 900 1091 effe
918 1045 1053 1105 instit,
1082 1048 1302 1111 longeque
1327 1059 1485 1094 omnes?

206 1121 410 1167 mortales
437 1119 639 1182 sapientia
668 1120 913 1175 antecellat,
944 1116 1080 1182 fitque
1099 1137 1124 1167 e
1153 1114 1376 1184 republica
1398 1119 1486 1167 effe

205 1194 417 1258 aliquem,
443 1193 634 1256 quicum
659 1193 853 1238 Romulo
876 1191 1008 1254 poffit

455 1300 665 1359 fhrventia
686 1317 788 1359 rapa
805 1309 943 1345 vorare
961 1309 978 1344 i·

209 1407 391 1462 cense0,
416 1418 462 1451 ut
488 1401 552 1451 D.
575 1397 782 1472 Claudius
805 1422 859 1452 ex
887 1406 969 1452 hac
989 1398 1058 1452 die
1079 1398 1186 1452 deus
1206 1398 1310 1463 fiat,
1341 1406 1398 1453 ita
1423 1407 1489 1456 uti

207 1492 305 1526 ante
324 1495 421 1525 eum
441 1478 537 1541 quis
557 1478 733 1540 optimo
751 1478 846 1526 iure
867 1479 1003 1526 sachis
1024 1480 1098 1526 fit:
1120 1492 1304 1544 eamque
1320 1498 1414 1528 rem
1432 1483 1487 1529 ad

205 1562 534 1620 usuquzcbceas
550 1552 707 1600 Ovidii
733 1545 1036 1620 adiiciendam.
1063 1549 1221 1600 Variae
1248 1563 1370 1601 erant
1393 1556 1488 1601 sen-

207 1626 387 1682 tentiae,
406 1638 448 1670 et
465 1624 694 1671 videbatur
709 1624 917 1671 Claudius
934 1625 1141 1672 sententia
1162 1627 1351 1674 vincere.
1370 1629 1485 1674 Herg

208 1700 324 1747 cules
351 1699 494 1756 enim,
520 1699 595 1761 qui
623 1698 796 1744 videret
824 1698 988 1745 ferrum
1019 1698 1142 1746 suum
1167 1692 1212 1746 in
1243 1692 1343 1764 igne
1374 1698 1488 1759 effe„

209 1772 347 1816 modo
365 1771 450 1818 huc
468 1807 483 1828 ‚
496 1772 634 1818 modo
652 1771 752 1818 illuc
771 1773 964 1818 cursabat
979 1808 992 1830 ‚
1009 1784 1051 1821 et
1070 1774 1211 1820 aiebat
1226 1770 1363 1834 :Noli
1379 1777 1489 1824 mihi

209 1844 408 1891 invidere
422 1878 434 1901 ‚
454 1861 550 1891 mea
568 1861 633 1890 res
650 1844 787 1907 agitur
804 1846 988 1892 :deinde
1006 1846 1036 1891 fi
1055 1846 1159 1909 quid
1178 1848 1394 1904 volueris,
1416 1849 1489 1896 in-

209 1918 352 1964 vicem
370 1916 550 1963 faciam:
569 1920 724 1965 Manus
743 1935 918 1964 manum
938 1918 1067 1966 lavat.
1085 1920 1216 1966 Tunc
1234 1922 1380 1968 Divus
1396 1926 1490 1969 Aue

210 1989 353 2052 gustus
383 1990 563 2035 surrexit
594 1989 824 2037 sententiae
853 1990 950 2038 suae
981 1992 1192 2041 dicendae
1206 2029 1218 2052 ‚
1250 2011 1293 2042 et
1318 1996 1489 2043 summa

210 2060 412 2114 facundia
432 2060 636 2107 disseruit.
654 2064 696 2107 P.
712 2062 762 2107 C.
774 2078 861 2117 ¹vos
883 2063 1007 2110 testes
1027 2064 1185 2122 habe0‚
1203 2083 1257 2112 ex
1274 2082 1364 2129 quo
1384 2070 1491 2114 deus

210 2134 349 2181 sacrus
366 2136 476 2190 sum,
493 2135 658 2182 nullum
677 2136 865 2183 verbum
886 2152 956 2183 me
970 2136 1128 2184 fecisse.
1143 2139 1320 2201 Semper
1340 2157 1490 2187 meum

209 2209 433 2272 negotium
455 2227 552 2272 ago.
568 2210 649 2256 Sed
672 2226 762 2255 non
783 2210 956 2271 possum
986 2211 1170 2273 amplius
1194 2211 1456 2260 diffimulare
1471 2244 1489 2268 ,

209 2293 252 2328 et
271 2282 471 2328 dolorem
494 2294 626 2346 quem
649 2282 898 2345 graviorem
925 2284 1069 2346 pudor
1092 2282 1226 2340 facit,
1250 2286 1490 2333 continere„

211 2359 258 2402 ln
277 2356 363 2402 hoc
378 2369 489 2403 terra
510 2356 707 2420 marique
726 2374 876 2418 pacem
895 2350 1078 2422 peperi?
1095 2359 1198 2406 ideo
1218 2358 1360 2409 civilia
1380 2361 1488 2409 bella

280 2433 324 2479 L.
357 2433 475 2477 Atm,
512 2435 676 2489 Seneca,
712 2434 803 2477 Vol.
831 2433 918 2483 JV,
1189 2432 1220 2477 B
1236 2432 1265 2476 b
