1730 2870
493 143 1072 191 EPISTOLAE.
1359 161 1417 210 93

145 254 323 316 Quaere
344 251 453 316 quid
487 252 672 309 scribas,
704 268 792 297 non
819 251 1205 315 quemadmodum
1237 268 1247 297 ε
1276 264 1319 299 et
1337 253 1427 301 hoc

143 328 313 390 ipsum,
340 342 430 371 non
461 337 506 370 ut
536 326 711 380 scribas,
741 326 811 371 sed
842 338 888 371 ut
922 325 1075 372 sentias
1106 343 1117 372 ε
1143 337 1190 371 ut
1222 326 1292 372 illa
1317 342 1428 389 quae

146 400 348 456 senseris,
380 399 515 461 magis
550 398 739 460 applices
765 399 839 444 tibi
861 429 874 453 ,
907 410 950 445 et
972 399 1108 445 veluti
1140 398 1293 462 fignes.
1331 400 1429 445 Cu-

144 473 383 533 iuscunque
417 471 662 516 orationem
701 471 864 517 videris
894 472 1106 517 solicitam
1140 484 1183 518 et
1213 472 1426 534 politam,

143 543 250 591 scito
280 545 476 589 animum
502 560 682 607 quoque
706 560 793 588 non
821 543 963 589 minus
987 543 1069 588 ess'e
1097 543 1255 605 pufillis
1283 561 1429 591 occu-

143 631 308 680 patum.
335 620 521 680 Magnus
551 616 622 663 ille
651 615 861 661 remissius
890 613 1108 677 loquitur,
1131 629 1174 662 et
1202 616 1426 664 securius:

145 701 433 752 quaecunque
463 689 599 744 dicit,
632 687 727 749 plus
755 688 914 732 habent
947 686 1159 745 fiduciae,
1189 704 1320 750 quam
1348 706 1430 735 cu-

144 779 230 808 rae.
260 763 385 808 Nosti
414 761 665 823 complures
693 760 900 817 iuvenes,
932 761 1062 806 barba
1089 773 1132 808 et
1166 777 1295 806 coma
1327 762 1431 808 niti-

146 837 254 893 dos,
284 838 336 882 de
368 836 539 899 capsula
567 847 718 880 totos:
746 834 851 879 nihil
878 836 931 879 ab
957 835 1036 881 illis
1068 834 1307 897 speraveris
1339 834 1431 881 for-

144 922 213 964 te,
247 910 348 955 nihil
377 911 578 956 solidum.
623 908 779 953 Oratio
815 908 960 953 vultus
993 908 1124 953 animi
1156 907 1247 953 est:
1283 907 1312 952 si
1341 908 1431 953 cir-

147 982 375 1028 cumtonsa
406 981 493 1039 est,
521 993 563 1026 et
592 979 756 1033 fucata,
788 993 830 1025 et
863 979 1134 1035 manufa6ta,
1162 980 1350 1025 ostendit
1377 980 1433 1026 il·-

147 1055 236 1101 lum
274 1071 454 1119 quoque
487 1069 576 1100 non
612 1052 698 1098 esse
730 1052 940 1098 sincerum
964 1087 977 1109 ,
1014 1065 1056 1098 et
1087 1053 1242 1098 habere
1267 1052 1432 1114 aliquid

147 1129 286 1175 frafti.
324 1129 428 1173 Non
457 1126 517 1172 est
544 1141 854 1171 ornamentum
888 1125 1040 1183 virile,
1072 1127 1357 1173 concinnitas.
1387 1126 1433 1173 Si

147 1201 278 1247 nobis
309 1201 503 1245 animum
535 1198 643 1245 boni
668 1199 754 1246 viri
789 1198 941 1245 liceret
972 1199 1212 1261 inspicere,
1242 1215 1272 1243 o
1301 1216 1434 1262 quam

147 1275 372 1337 pulchram
405 1273 583 1329 faciem,
610 1289 740 1334 quam
764 1272 972 1326 sanciam,
1001 1290 1131 1336 quam
1152 1290 1204 1318 ex
1229 1272 1434 1335 magnifi-

147 1364 205 1393 co
236 1346 499 1406 placidoque
525 1343 759 1405 fulgentem
795 1344 1080 1391 videremus?
1113 1344 1214 1390 hinc
1245 1345 1401 1391 iustitia
1421 1379 1438 1404 ,

148 1417 269 1463 illinc
293 1416 550 1462 fortitudine
567 1451 578 1471 ,
596 1415 697 1460 hinc
719 1415 1007 1476 temperantia
1035 1417 1348 1480 prudentiaque
1368 1417 1435 1464 lu-

149 1490 359 1551 centibus.
395 1490 568 1533 Praeter
595 1488 670 1533 has
697 1486 924 1551 frugalitas
944 1524 958 1545 ‚
989 1501 1031 1534 et
1059 1490 1359 1545 continentia,
1392 1502 1436 1538 et

149 1562 407 1617 tolerantia,
439 1574 480 1607 et
510 1561 711 1617 libertas,
746 1560 1051 1622 comitasque,
1085 1578 1128 1608 et
1168 1563 1303 1625 (quis
1339 1580 1437 1609 cre-

152 1633 292 1698 dat?)
323 1635 365 1679 in
398 1634 580 1679 homine
614 1650 760 1678 rarum
790 1632 1034 1680 humanitas
1066 1635 1262 1690 bonum,
1294 1635 1437 1698 splen-

151 1709 306 1754 dorem
336 1706 395 1751 illi
416 1705 540 1752 suum
566 1704 850 1751 affunderent.
879 1707 995 1759 Tum
1017 1708 1295 1768 providentia
1310 1745 1321 1763 ‚
1341 1723 1437 1756 tum

151 1778 395 1841 elegantia,
426 1791 469 1822 et
498 1793 551 1822 ex
582 1775 670 1821 istis
704 1776 1036 1838 magnanimitas
1068 1778 1400 1825 eminentissima
1422 1814 1439 1838 ,

153 1863 385 1912 quantum,
410 1848 471 1893 dii
494 1846 628 1893 boni!
658 1847 829 1894 decoris
855 1849 944 1902 illi,
962 1862 1171 1904 quantum
1201 1851 1408 1912 ponderis
1424 1886 1442 1910 ‚

153 1920 464 1985 gravitatisque
487 1921 695 1966 adderent
719 1938 730 1966 :
759 1933 918 1982 quanta
940 1922 1042 1969 effet
1062 1939 1161 1969 cum
1181 1924 1316 1986 gratia
1338 1941 1440 1972 auc-

155 1991 337 2040 toritas!
369 1994 518 2038 Nemo
545 1992 665 2037 illum
692 1993 948 2050 amabilem,
978 1993 1052 2057 qui
1089 2012 1179 2041 non
1214 1995 1335 2042 simul
1360 2015 1441 2044 ve-

155 2064 390 2111 nerabilem
418 2065 596 2111 diceret.
630 2064 673 2110 Si
697 2065 792 2128 quis
821 2066 980 2111 viderit
1002 2067 1111 2112 hanc
1134 2067 1288 2114 faciem
1311 2070 1440 2115 altio-

156 2149 252 2184 rem
272 2136 664 2200 fulgentioremque
680 2169 694 2191 ‚
713 2155 844 2200 quam
864 2140 982 2185 cerni
1003 2139 1112 2185 inter
1134 2141 1322 2186 humana
1341 2159 1441 2188 con³

157 2210 324 2267 suevit,
360 2226 508 2257 nonne
537 2211 655 2257 velut
683 2210 870 2257 numinis
902 2212 1085 2258 occursu
1122 2215 1442 2274 obstupefactus

157 2282 318 2329 resistat
337 2317 350 2337 ,
377 2294 420 2327 et
446 2293 494 2327 ut
520 2281 580 2328 fas
607 2282 655 2328 fit
683 2283 860 2338 vidisse,
882 2285 1036 2342 tacitus
1063 2287 1295 2346 precetur?
1319 2288 1440 2335 Tum

159 2357 407 2403 advocante
421 2355 561 2417 ipsum
584 2357 727 2403 vultus
746 2358 1012 2421 benignitate
1033 2361 1272 2421 prod-uehis
1289 2397 1301 2418 ,
1327 2364 1440 2408 ado-

159 2442 227 2475 ret
255 2444 305 2478 ac
334 2428 575 2500 supplicet:
608 2444 652 2476 et
681 2429 759 2477 diu
790 2433 1116 2494 contemplatus
1144 2434 1332 2481 multum
1362 2450 1441 2481 ex-
