1730 2870
392 103 658 152 NATUR.
693 103 990 163 QUAEST.
1043 101 1161 149 LIB.
1196 103 1293 147 VII.
1396 117 1487 164 347

204 210 406 275 quaerit3
433 212 608 274 ignarus
625 245 638 267 ,
670 222 816 256 utrum
851 209 1007 256 debeat
1042 208 1216 264 mirari,
1239 223 1292 253 an
1321 206 1489 254 timere.

206 286 308 331 Non
343 283 458 330 enim
492 281 646 330 desunt
685 283 761 345 qui
795 293 1012 337 terreant,
1042 281 1118 345 qui
1151 280 1494 344 significationes

204 358 294 405 eius
311 371 465 420 graves
486 356 751 418 praedicent.
771 354 1047 403 Sciscitantur
1060 356 1207 418 itaque
1219 390 1235 413 ,
1251 367 1295 402 et
1313 353 1493 418 cognos-

205 447 301 478 cere
319 429 478 476 volunt
497 461 512 484 ‚
543 430 797 494 prodigium
817 429 866 475 fit
881 464 894 486 ,
918 445 972 474 an
991 429 1116 476 fidus.
1145 432 1202 476 At
1222 427 1493 475 mehercules

204 519 295 548 non
314 501 430 549 aliud
447 502 545 566 quis
563 514 634 548 aut
656 501 1003 565 magnificentius
1023 502 1279 566 quaesierit,
1295 513 1367 548 aut
1379 501 1494 547 didi-

205 574 314 622 cerit
332 574 501 632 utilius,
524 591 657 640 quam
689 575 743 622 de
774 574 987 622 stellarum
1009 575 1290 639 fiderumque
1312 586 1463 621 natura
1482 592 1495 621 :

204 660 348 695 utrum
374 647 548 696 flamma
577 649 822 706 contracta,
854 649 976 712 quod
1006 660 1048 694 et
1065 647 1181 695 visus
1203 647 1350 694 noster
1372 647 1492 693 affir-

206 732 322 778 mat,
342 720 540 784 etipsum
557 722 612 768 ab
631 722 721 767 aliis
739 720 877 768 fluens
896 721 1072 775 lumen,
1092 733 1135 767 et
1155 720 1275 767 calor
1295 719 1397 765 inde
1412 719 1492 765 de-

205 792 436 840 scendens:
461 809 516 839 an
533 809 621 839 non
640 791 719 839 sint
734 792 926 838 flammei
941 792 1073 838 orbes
1086 822 1101 845 ‚
1118 790 1190 837 sed
1209 790 1343 837 solida
1360 806 1497 854 quae-

164 917 166 919 ,
207 867 308 912 dam
327 878 585 927 terrenaque
610 881 800 927 corpora
819 899 832 921 ,
862 880 972 928 quae
993 879 1069 926 per
1088 862 1242 925 igneos
1258 863 1418 909 tractus
1437 863 1499 907 la-

205 939 349 986 bentia
382 939 483 986 inde
506 938 783 1001 splendorem
813 938 1017 996 trahant,
1045 936 1367 1000 coloremque,
1404 952 1497 982 non

207 1013 262 1059 de
293 1012 369 1059 suo
390 1013 513 1059 clara.
545 1014 593 1057 ln
617 1028 703 1075 qua
728 1012 946 1074 opinione
972 1010 1117 1074 magni
1133 1010 1253 1056 fuere
1273 1010 1392 1067 viri,
1420 1000 1498 1072 qui

205 1085 342 1131 sidera
369 1085 650 1131 crediderunt
685 1102 740 1130 ex
764 1085 876 1131 duro
895 1097 1126 1137 concreta,
1154 1094 1197 1128 et
1225 1082 1370 1144 ignem
1394 1081 1497 1127 alie-

207 1174 312 1204 num
338 1158 564 1220 pascentia.
585 1159 698 1204 Nam
719 1175 798 1220 per
815 1158 879 1216 se,
899 1158 1101 1221 inquiunt
1118 1192 1131 1215 ,
1154 1155 1330 1202 flamma
1365 1156 1499 1202 diffu-

207 1242 354 1293 geret,
389 1229 465 1275 nifi
495 1230 657 1294 aliquid
686 1231 860 1277 haberet
889 1231 1013 1294 quod
1039 1242 1206 1277 teneret
1224 1265 1238 1288 ,
1270 1244 1314 1276 et
1349 1246 1373 1274 a
1402 1246 1497 1293 quo

209 1315 456 1361 teneretur,
489 1303 889 1367 conglobatamque
916 1320 996 1351 nec
1025 1303 1160 1350 stabili
1183 1303 1364 1349 inditam
1395 1319 1499 1349 cor-

211 1376 311 1439 pori
334 1409 349 1433 ,
382 1376 587 1439 profecto
602 1377 687 1423 iam
712 1378 900 1426 mundus
922 1377 1094 1425 turbine
1112 1377 1190 1424 suo
1206 1376 1450 1438 diffipaffet.

275 1453 326 1498 11.
349 1452 419 1497 Ad
448 1451 554 1498 haec
581 1450 875 1514 investiganda
913 1450 1111 1514 proderit
1130 1466 1368 1513 quaerere,
1395 1466 1500 1497 num

212 1525 425 1571 Cometae
446 1524 539 1571 eius
574 1525 844 1572 conditionis
863 1525 973 1581 fint,
997 1524 1118 1572 cuius
1147 1523 1390 1586 superiora.
1415 1522 1498 1568 Vi-

213 1599 372 1646 dentur
397 1598 514 1647 enim
544 1617 645 1646 cum
677 1600 759 1647 illis
786 1601 997 1664 quaedam
1030 1600 1190 1646 habere
1214 1595 1465 1646 communia
1482 1632 1499 1656 ,

213 1687 336 1720 ortus
354 1685 397 1720 et
415 1674 610 1731 occasus,
642 1673 775 1735 ipsam
797 1691 978 1737 quoque
991 1710 1005 1731 ,
1021 1674 1223 1737 quamvis
1246 1673 1498 1736 spargantur

213 1758 255 1791 et
274 1745 446 1808 longius
461 1758 642 1801 exeant,
666 1745 836 1792 faciem.
863 1763 1001 1808 aeque
1024 1746 1149 1792 enim
1162 1745 1280 1808 ignei
1309 1746 1499 1808 splendi-

214 1817 345 1880 dique
367 1817 474 1864 sunt.
511 1820 658 1880 Itaque
677 1818 708 1864 fi
739 1819 888 1865 omnia
923 1833 1093 1865 terrena
1123 1819 1257 1865 fidera
1283 1819 1405 1877 sunt,
1430 1819 1497 1866 his

214 1907 398 1954 quoque
417 1891 566 1938 eadem
583 1890 674 1937 sors
694 1891 787 1937 erit.
809 1890 850 1936 Si
872 1908 982 1938 vero
1002 1890 1107 1937 nihil
1124 1890 1240 1936 aliud
1255 1890 1347 1936 sunt
1365 1908 1495 1954 quam

217 1978 350 2024 purus
366 1962 499 2025 ignis,
519 1976 782 2025 manentque
795 1963 1010 2009 mensibus
1027 1961 1136 2008 senis
1148 1997 1161 2019 ,
1180 1978 1259 2008 nec
1275 1962 1371 2009 illos
1385 1979 1496 2009 con-

217 2034 362 2081 verfio
392 2036 548 2081 mundi
581 2035 765 2082 solvitet
784 2035 990 2083 velocitas
1010 2053 1020 2081 :
1041 2035 1112 2080 illa
1127 2050 1307 2096 quoque
1322 2034 1500 2096 possunt

219 2119 263 2154 et
275 2108 392 2154 tenui
410 2108 606 2155 constare
622 2109 816 2166 materia,
833 2125 910 2155 nec
929 2109 1016 2155 hoc
1035 2107 1186 2155 discuti
1206 2107 1371 2154 affiduo
1384 2109 1499 2156 coeli

218 2179 496 2227 circumactu.
517 2181 597 2227 1110
619 2199 798 2244 quoque
825 2181 1057 2244 pertinebit
1076 2182 1161 2229 hoc
1180 2180 1427 2241 excussisse,
1451 2196 1499 2230 ut

219 2251 427 2310 sciamus,
459 2266 606 2300 utrum
631 2254 817 2300 mundus
844 2269 957 2301 terra
985 2255 1117 2301 stante
1137 2256 1403 2310 circumeat,
1446 2272 1501 2302 an

220 2325 389 2370 mundo
409 2324 541 2371 stante
572 2339 683 2371 terra
704 2338 912 2373 vertatur,
942 2329 1130 2373 Fuerunt
1148 2327 1263 2374 enim
1283 2327 1358 2390 qui
1378 2328 1497 2375 dice·
1539 2340 1543 2344 “

221 2410 340 2455 rent,
359 2414 440 2446 nos
461 2397 545 2446 effe
561 2433 578 2457 ,
595 2415 707 2463 quos
731 2415 877 2447 rerum
907 2412 1059 2448 natura
1089 2400 1325 2450 nescientes
1353 2400 1462 2448 ferat
1481 2435 1500 2460 ,
