1730 2870
1460 100 1476 107 ἣ

242 116 332 172 396
609 111 1149 158 EXCERPTA

235 214 316 280 ff·
339 217 467 260 Nihil
480 217 700 260 habeamus
713 251 725 272 ,
751 219 967 276 quodcum
989 236 1139 280 magno
1159 223 1426 265 emolumento
1446 222 1514 265 in—

218 287 427 350 sidiantis
449 287 550 346 eripi
569 287 700 350 poffit.
725 289 868 349 Quam
893 290 1118 336 minimum
1138 293 1192 348 in>¹¹
1204 310 1361 352 corpore
1385 293 1520 355 tuosit

223 362 466 422 spoliorum.
493 362 628 404 Nemo
644 362 704 404 ad
721 362 950 406 humanum
958 363 1212 424 sanguinem
1233 367 1344 410 venit
1361 381 1524 425 propter

237 433 369 493 ipfitm
387 467 398 489 ,
426 435 491 477 vel
505 435 730 478 admodum
744 435 884 494 pauci.
922 436 1097 480 Nudum
1116 440 1223 482 latro
1239 438 1485 498 transmittit
1505 455 1522 483 .·

232 508 360 549 ctiam
381 506 428 548 in
448 503 601 567 obseffa
618 508 689 550 ‘via
703 509 873 566 pauperi
891 525 984 566 pax
997 506 1063 573 est.
1094 510 1140 553 Is
1158 511 1344 555 maxime
1363 512 1522 555 divitiis

228 579 419 638 fruitur,
436 580 507 639 qui
524 581 694 624 minime
711 583 879 641 indiget.
899 583 951 625 Si
968 585 1028 626 ad
1043 598 1238 627 naturam
1257 584 1392 638 vives,
1411 602 1521 629 nun-

238 670 364 712 quam
389 654 468 697 eris.
491 671 651 712 pauper
673 652 748 715 :fi
774 655 834 697 ad
858 655 1092 713 opinionem
1109 690 1121 712 ,
1151 641 1369 717 ‘nunquam
1399 659 1525 701 dives.

238 725 459 786 Exiguum
483 740 635 770 natura
665 726 879 789 dffderat,
899 729 1143 788 immensum
1162 732 1316 790 opiniO.
1350 732 1401 774 Si
1425 747 1525 774 con-

236 813 401 859 geratur
427 799 473 842 in
504 814 541 843 te
570 801 772 859 quidquid
800 802 918 844 multi
946 804 1160 860 locupletes
1187 801 1464 865 poffederunt‚
1488 803 1530 866 [ἱ

239 876 351 916 ultra
380 874 589 931 privatum
610 876 807 932 pecuniae
837 877 1003 918 modum
1029 875 1211 933 fortuna
1240 891 1275 920 te
1301 877 1527 936 provehat,

240 961 343 987 auro
359 959 492 1005 tegat,
510 963 698 1005 purpura
721 946 882 1010 vestiat,
903 964 946 990 eo
966 947 1206 992 deliciarum
1225 965 1424 1008 opumque
1435 966 1528 1008 per-

240 1016 393 1071 ducat,
420 1030 466 1060 ut
497 1031 642 1061 terram
667 1019 945 1074 marmoribus
966 1019 1219 1077 abscondas,
1252 1037 1337 1064 non
1363 1035 1528 1064 tantum
1542 1055 1555 1079 s

241 1087 366 1131 liceat
383 1087 550 1144 habere,
568 1089 646 1146 fid
670 1092 823 1134 calcare
852 1091 1025 1135 divitias
1038 1109 1058 1145 ,·
1092 1094 1287 1136 accedant
1302 1088 1528 1157 statuae&

235 1159 420 1221 piflurae
433 1195 446 1214 ,
475 1158 517 1206 G*
539 1162 748 1221 quidquid
764 1180 831 1207 ars
851 1166 938 1208 ulla
963 1165 1155 1209 luxuriae
1173 1182 1273 1209 auro
1299 1162 1343 1210 ἃ
1361 1180 1529 1226 argento

245 1236 472 1279 elaboravit
483 1254 502 1290 ,·
523 1236 686 1280 maiora
702 1254 839 1296 cupere
857 1238 909 1280 ab
928 1238 991 1281 his
1010 1237 1148 1296 disces.
1167 1236 1385 1300 Defideria
1402 1253 1531 1282 natu·-

243 1309 353 1352 ralia
368 1342 379 1361 ,
388 1308 638 1366 finitafitnt
654 1325 670 1352 .·
692 1327 743 1353 ex
753 1310 876 1367 falsa
895 1311 1091 1369 opinione
1116 1311 1329 1368 nascentia
1343 1345 1354 1363 ,
1377 1312 1447 1354 ubi
1464 1311 1529 1353 de-

229 1377 383 1441 sinant
396 1414 408 1433 ,
437 1397 522 1423 non
543 1381 705 1425 liabent.
725 1384 867 1425 nullus
886 1384 993 1425 enim
1012 1384 1208 1427 terminus
1218 1382 1335 1442 falso
1352 1382 1415 1447 est.
1443 1385 1487 1424 V
1486 1399 1526 1425 e-

243 1454 360 1496 ritati
378 1453 544 1511 aliquid
565 1468 786 1497 extremum
809 1454 861 1513 est
877 1471 892 1497 :
910 1471 1012 1498 error
1033 1455 1253 1513 immensus
1272 1454 1334 1518 est.
1355 1455 1530 1499 Retralze

243 1539 281 1567 te
300 1541 390 1584 ergo
406 1543 433 1568 a
461 1525 587 1569 vanis
603 1541 619 1568 :
647 1522 688 1568 6³
707 1543 798 1569 cum
825 1529 933 1571 voles
945 1527 1080 1585 scire,
1111 1545 1168 1571 an
1187 1530 1444 1582 naturalem,
1470 1543 1529 1570 an

245 1615 403 1644 vanam
422 1598 571 1643 habeas
590 1599 851 1655 cupiditatem
865 1629 878 1652 ,
898 1597 1103 1658 considera
1122 1617 1222 1643 num
1241 1600 1390 1644 alicubi
1406 1597 1529 1660 const-

233 1670 335 1735 stat.
352 1670 401 1713 Si
419 1672 536 1729 longe
548 1667 744 1732 progreſjo
747 1670 908 1730 semper
924 1671 1089 1731 aliquid
1099 1672 1264 1731 longius
1281 1670 1413 1732 restat,
1421 1669 1530 1728 scito

246 1743 294 1785 id
308 1743 493 1785 naturale
509 1758 596 1785 non
613 1738 694 1802 effe.
718 1742 953 1800 Paupertas
971 1744 1159 1802 expedita
1170 1777 1183 1796 ‚
1191 1742 1340 1801 secura
1358 1743 1420 1806 est.
1438 1760 1529 1787 cum

249 1813 450 1876 clafficum
469 1814 635 1868 cecinit,
641 1814 729 1872 scit
744 1830 829 1858 non
835 1815 884 1874 se
890 1816 977 1874 peti
989 1831 1009 1858 .-
1021 1831 1111 1859 cum
1131 1817 1272 1873 aliquo
1291 1817 1531 1859 conclama-

251 1904 338 1932 tum
355 1888 430 1950 est,
456 1890 659 1947 quomodo
683 1902 829 1942 exeat,
855 1905 940 1932 non
961 1888 1064 1948 quid
1083 1885 1246 1949 efferat,
1271 1889 1436 1947 quaerit.
1466 1890 1533 1931 At

253 1980 345 2006 cum
374 1961 662 2021 navigandum
687 1961 760 2025 est,
789 1978 875 2005 non
889 1960 1059 2026 strepitu
1088 1976 1258 2019 portus,
1293 1978 1379 2006 non
1408 1961 1533 2006 unius

252 2036 452 2080 comitatu
470 2035 656 2094 inquieta
661 2035 769 2093 ficnt
784 2035 917 2079 litora.
945 2034 1047 2078 Non
1065 2034 1295 2099 circumstat
1310 2035 1427 2078 illum
1446 2049 1531 2079 tur-

254 2110 308 2152 ba
335 2109 569 2161 hominum,
604 2110 663 2151 ad
689 2125 791 2165 quos
810 2107 1040 2166 pascendos
1066 2107 1441 2164 transmarinarum
1472 2123 1531 2150 re·

253 2182 426 2243 gionum
456 2183 642 2243 optanda
664 2181 716 2244 est
727 2179 945 2238 fertilitas.
972 2182 1107 2225 Facile
1133 2180 1184 2244 est
1198 2180 1356 2239 pafiere
1374 2197 1542 2240 paucos>

257 2268 412 2299 ventres
428 2285 442 2308 ‚
474 2252 517 2298 δ’
548 2256 640 2298 bene
662 2253 892 2319 institutos,
928 2250 971 2298 G*
992 2254 1099 2297 nilzil
1125 2255 1250 2298 aliud
1273 2253 1534 2315 desiderantes

254 2345 379 2387 quam
403 2318 573 2387 impleri.
600 2330 743 2373 Parvo
757 2328 898 2386 fames
919 2328 1100 2393 constat,
1128 2346 1282 2390 magno
1298 2329 1532 2393 fastidium.

258 2402 493 2462 Paupertas
509 2417 701 2448 contenta
726 2403 777 2468 est
793 2401 998 2467 desideriis
1020 2404 1269 2469 instantibus
1278 2401 1533 2463 satisfacere.
