1730 2870
190 123 283 180 236
426 122 474 166 L.
525 119 826 165 ANNAEI
879 118 1234 175 SENECAE

190 227 281 274 eius
300 242 311 272 ε
331 225 472 273 immo
489 242 545 272 eo
562 226 712 283 latius,
743 241 835 289 quo
856 226 951 288 plus
979 237 1093 274 terra
1121 227 1167 273 in
1185 226 1318 277 altum
1338 239 1468 289 patet.

190 304 307 364 Ergo
337 318 391 346 ex
419 301 488 346 illa
516 299 734 361 profunda
766 300 896 362 copia
929 300 995 347 isti
1023 318 1172 349 amnes
1201 313 1469 365 egeruntur:

189 392 302 439 quos
319 375 425 437 quid
443 374 609 420 miraris
634 373 663 420 fi
682 387 796 420 terra
816 374 1034 422 detractos
1050 391 1143 422 non
1162 375 1341 434 sentiat,
1368 392 1470 422 cum

190 449 382 495 adieelos
401 447 533 493 maria
556 464 651 493 non
676 447 892 493 sentiant?

257 521 332 566 IX.
369 518 641 579 Quibusdam
666 520 772 566 haec
809 520 950 582 placet
985 519 1117 567 causa.
1152 519 1286 567 Aiunt
1311 520 1471 567 habere

192 602 351 639 terram
381 593 493 638 intra
511 593 552 639 se
582 609 718 640 cavos
744 593 957 651 receffus,
988 608 1032 640 et
1066 594 1249 639 multum
1268 592 1473 655 spiritus:

191 666 268 728 qui
291 665 525 711 necessario
550 665 768 730 frigescit,
797 666 949 712 umbra
969 666 1095 729 gravi
1125 664 1300 729 pressus.
1330 666 1474 711 Dein-

191 739 246 784 de
265 738 390 801 piger
410 749 452 784 et
470 738 680 785 immotus
694 774 708 796 ,
735 739 780 785 in
799 755 954 801 aquam
972 774 984 795 ,
1018 754 1116 785 cum
1138 737 1177 784 se
1197 736 1319 783 defiit
1337 736 1475 796 ferre,

192 812 482 858 convertitur.
519 811 911 871 Quemadmodum
940 811 1066 873 supra
1095 827 1175 857 nos
1196 809 1382 856 mutatio
1401 810 1476 855 ae‘-

191 883 253 930 ris
272 884 458 930 imbrem
480 884 612 942 facit,
648 885 705 930 ita
732 883 841 929 infra
869 899 1003 930 terras
1031 883 1198 929 flumen
1227 894 1298 928 aut
1328 881 1478 928 rivum

190 956 288 1020 agit.
307 959 443 1019 Supra
474 974 554 1004 nos
575 957 682 1003 stare
713 973 802 1002 non
824 955 969 1018 potest
991 955 1127 1019 segnis
1150 955 1222 1001 diu
1243 967 1285 1001 et
1313 953 1475 1018 gravis.

139 1034 142 1038 '
191 1032 442 1095 Aliquando
462 1032 578 1078 enim
600 1032 687 1078 sole
706 1043 934 1089 tenuatur,
960 1031 1194 1094 aliquando
1225 1029 1368 1077 ventis
1396 1045 1477 1074 ex-

192 1103 411 1168 panditur.
438 1107 587 1167 Itaque
613 1103 838 1151 intervalla
858 1120 1012 1167 magna
1031 1103 1247 1151 imbribus
1269 1102 1377 1149 sunt.
1392 1102 1480 1149 Sub

192 1187 306 1222 terra
325 1191 437 1223 vero
462 1175 679 1240 quidquid
698 1173 759 1221 est
774 1210 788 1233 ‚
815 1176 940 1237 quod
963 1175 1084 1221 illum
1112 1175 1157 1220 in
1182 1190 1337 1237 aquam
1368 1190 1475 1220 con-

195 1259 361 1303 vertat,
386 1247 502 1293 idem
523 1247 691 1308 semper
708 1245 769 1292 est
784 1281 797 1303 ,
814 1246 969 1291 umbra
991 1258 1198 1307 perpetua
1211 1281 1224 1301 ‚
1254 1244 1390 1306 frigus
1409 1260 1481 1289 ae-

195 1331 368 1366 ternum
384 1355 397 1377 ‚
425 1319 708 1365 inexercitata
733 1318 913 1364 denfitas
937 1336 947 1364 ε
971 1319 1138 1379 semper
1167 1333 1273 1379 ergo
1293 1317 1479 1378 praebe-

196 1392 262 1438 bit
281 1391 398 1438 fonti
424 1406 496 1438 aut
518 1391 691 1438 flumini
715 1392 871 1438 causas.
901 1391 1045 1437 Placet
1065 1389 1192 1435 nobis
1219 1405 1378 1435 terram
1396 1388 1483 1434 esse

196 1464 464 1510 mutabilem.
491 1464 593 1510 Hoc
616 1479 795 1526 quoque
817 1463 1030 1526 quidquid
1050 1462 1212 1508 efflavit
1226 1496 1245 1518 ,¹
1269 1461 1371 1523 quia
1391 1476 1482 1506 non

195 1538 295 1583 aere
316 1536 456 1583 libero
475 1535 725 1598 concipitur
743 1570 758 1592 ,
775 1534 1013 1594 crassescit,
1041 1545 1083 1582 et
1103 1533 1305 1597 protinus
1331 1531 1377 1578 in
1400 1532 1482 1578 hu-

195 1625 367 1654 morem
388 1608 678 1657 convertitur.
837 1660 839 1663 v

262 1683 317 1727 X.
346 1682 491 1729 Habes
512 1682 698 1744 primam
728 1696 937 1744 aquarum
965 1679 1042 1726 sub
1072 1690 1186 1725 terra
1215 1676 1480 1725 nascentium

198 1757 384 1804 causam.
425 1755 618 1802 Adiicias
649 1754 777 1801 etiam
808 1754 928 1811 licet,
960 1754 1081 1817 quod
1110 1752 1217 1799 fiant
1245 1751 1399 1798 omnia
1428 1768 1484 1797 ex

198 1829 418 1875 omuibus.
465 1831 529 1874 Ex
550 1845 661 1890 aqua
686 1828 772 1874 aer.
804 1829 869 1873 Ex
896 1828 994 1873 aere
1017 1842 1142 1887 aqua.
1170 1825 1282 1888 Ignis
1301 1841 1354 1871 ex
1373 1825 1489 1873 aere.

199 1901 384 1963 Exigue
401 1901 489 1947 ae'r.
517 1901 667 1960 Quare
688 1915 796 1962 ergo
823 1915 912 1945 non
938 1914 1052 1945 terra
1078 1898 1152 1945 fiat
1184 1915 1240 1945 ex
1270 1914 1409 1961 aqua,
1441 1908 1485 1944 et

199 1991 256 2021 ex
285 1986 401 2020 terra
436 1972 577 2036 aqua?
614 1989 723 2036 quae
755 1971 786 2018 fi
815 1971 859 2017 in
889 1970 969 2018 alia
1001 1970 1216 2017 mutabilis
1245 1970 1334 2028 est,
1370 1982 1413 2017 et
1439 1969 1490 2015 in

200 2064 360 2110 aquam
383 2047 556 2093 :immo
576 2045 767 2093 maxime
786 2045 831 2092 in
851 2046 974 2092 hanc.
993 2047 1192 2107 Utraque
1213 2056 1399 2108 cognata
1416 2059 1486 2090 res

200 2121 262 2169 est
279 2157 293 2178 ,
323 2132 505 2183 utraque
533 2119 676 2182 gravis
693 2153 707 2178 ,
740 2132 924 2181 utraque
945 2117 1102 2176 densa,
1135 2133 1317 2180 utraque
1337 2116 1381 2162 in
1409 2132 1486 2162 ex-

201 2204 389 2240 tremum
421 2190 574 2238 mundi
611 2189 846 2253 compulsa.
892 2192 959 2236 Ex
987 2206 1101 2252 aqua
1139 2203 1253 2237 terra
1292 2187 1354 2236 fit.
1390 2188 1485 2234 Cur

203 2281 294 2310 non
314 2281 426 2328 aqua
447 2263 523 2310 fiat
553 2280 576 2310 e
596 2268 741 2310 terra?
771 2267 828 2311 At
846 2281 1002 2328 magna
1023 2262 1205 2311 flumina
1233 2264 1338 2310 sunt.
1368 2264 1484 2309 Cum

203 2338 396 2396 videris,
424 2351 582 2401 quanta
614 2337 710 2385 sunt
742 2355 753 2384 z
783 2338 926 2385 rursus
956 2354 1009 2384 ex
1041 2351 1206 2401 quanto
1244 2336 1486 2399 prodeant,

204 2409 389 2474 adspice.
410 2411 579 2459 Miraris
594 2443 607 2468 ,
627 2429 729 2460 cum
742 2411 941 2459 labantur
961 2410 1122 2458 affidue
1137 2446 1151 2470 ,
1168 2409 1379 2473 quaedam
1401 2424 1487 2456 ve⁰
