1730 2870
547 121 1124 169 EPISTOLAE.
1387 141 1467 189 115

199 223 370 271 divitias
399 202 728 287 competidiaria
757 226 928 271 ducam.
955 228 1083 288 Opus
1114 227 1197 273 erit
1225 242 1368 275 tamen
1397 232 1478 278 tibi

198 298 425 342 creditore.
469 308 517 341 ut
561 296 773 358 negotiari
809 297 971 358 poffis,
1020 314 1091 344 aes
1119 297 1307 362 alienum
1348 301 1480 350 facias

197 381 375 431 oportet
396 386 406 414 :
431 368 503 414 sed
525 368 634 414 nolo
663 385 740 430 per
767 370 1095 418 intercessorem
1121 373 1334 420 mutueris
1353 410 1366 432 ‚
1397 392 1482 421 no-

196 444 242 488 lo
259 454 524 504 proxenetae
543 457 705 487 nomen
727 457 851 488 tuum
876 443 1045 490 iactent.
1065 446 1264 491 Paratum
1284 447 1362 493 tibi
1383 465 1480 495 cre-

198 515 388 560 ditorem
423 514 539 560 dabo
560 550 573 570 ,
614 514 911 560 Catonianum
954 514 1111 561 illum:
1150 534 1175 562 a
1209 533 1251 563 te
1281 531 1482 579 mutuum

197 586 349 634 sumes.
396 587 846 648 Quantulumcumque
877 586 966 644 est,
1009 588 1104 634 satis
1139 589 1254 644 erit,
1287 591 1318 636 fi
1355 594 1485 655 quid-

198 661 307 724 quid
332 660 498 714 deerit,
533 662 579 706 id
597 677 621 706 a
642 661 768 706 nobis
796 660 1061 721 petierimus.
1095 662 1215 708 Nihil
1245 665 1360 711 enim
1379 702 1393 724 ,
1422 667 1485 714 mi

199 733 370 789 Lucili,
404 733 608 791 interest,
649 748 792 780 utrum
830 750 922 780 non
954 734 1167 782 desideres
1188 772 1201 793 ,
1237 753 1291 782 an
1313 739 1486 789 habeas.

197 808 375 852 Summa
407 806 470 852 rei
507 805 552 850 in
592 817 780 867 utroque
809 804 869 850 est
897 806 1082 852 eadem:
1118 823 1209 853 non
1246 812 1486 872 torquebe-

199 879 266 925 ris.
310 880 404 925 Nec
432 878 538 923 illud
579 876 803 938 praecipio
822 909 835 931 ,
869 889 916 923 ut
938 877 1102 941 aliquid
1125 892 1301 927 naturae
1327 900 1484 947 neges:

201 968 442 999 contumax
478 950 559 1006 est,
591 966 682 995 non
716 951 855 1012 potest
887 951 1031 1009 vinci,
1060 952 1181 1000 suum
1222 955 1388 1017 poscit:
1415 960 1488 1006 sed

202 1042 247 1071 ur
267 1023 483 1087 quidquid
507 1035 704 1067 naturam
737 1024 936 1081 excedit,
960 1023 1066 1070 scias
1099 1028 1345 1087 precarium
1372 1030 1486 1086 effe,

203 1115 292 1142 non
329 1093 628 1142 necessarium.
664 1092 848 1140 Esurio:
891 1096 1106 1143 edendum
1131 1097 1205 1145 est.
1233 1114 1377 1147 utrum
1412 1103 1486 1150 hic

202 1169 322 1232 panis
373 1166 421 1214 fit
459 1167 683 1230 plebeius,
724 1184 778 1212 an
827 1167 1071 1231 siligineus,
1106 1172 1161 1217 ad
1188 1187 1385 1220 naturam
1421 1177 1490 1223 ni-

202 1242 262 1286 hil
308 1239 505 1302 pertinet.
557 1239 629 1285 llla
667 1256 867 1286 ventrem
895 1258 985 1288 non
1021 1242 1223 1290 delectari
1259 1247 1383 1304 vult,
1417 1249 1489 1295 sed

201 1313 386 1375 impleri.
420 1313 544 1359 Sitio.
595 1326 741 1360 utrum
780 1315 886 1361 haec
923 1333 1035 1378 aqua
1066 1314 1114 1362 sit
1147 1335 1277 1380 quam
1308 1337 1362 1366 ex
1391 1322 1488 1370 lacu

203 1384 415 1445 proximo
465 1401 720 1445 excepero,
761 1402 813 1430 an
844 1403 892 1431 ea
923 1403 1052 1447 quam
1086 1389 1222 1435 multa
1258 1391 1360 1438 nive
1396 1394 1488 1440 clu-

202 1459 296 1503 sero
313 1492 325 1512 ‚
348 1469 395 1502 ut
425 1456 572 1519 rigore
595 1455 872 1518 refrigeretur
890 1458 1033 1505 alieno
1048 1495 1061 1516 ‚
1087 1461 1141 1506 ad
1162 1477 1356 1510 naturam
1381 1466 1488 1513 nihil

204 1530 403 1591 pertinet.
424 1530 494 1574 llla
516 1529 601 1590 hoc
620 1547 753 1584 unum
777 1530 921 1586 iubet,
949 1531 1060 1578 fittim
1080 1532 1304 1598 exstingui.
1327 1541 1485 1585 Utrum

204 1603 253 1648 iit
274 1618 450 1647 aureum
470 1600 700 1664 poculum,
716 1621 768 1648 an
784 1602 1078 1667 crystallinum
1091 1642 1104 1663 ,
1119 1623 1173 1652 an
1191 1611 1488 1672 myrrhinum,

203 1693 257 1721 an
281 1675 544 1721 Tiburtinus
575 1676 687 1721 calix
709 1711 720 1732 ‚
749 1693 801 1721 an
843 1694 994 1724 manus
1024 1694 1249 1736 concava,
1282 1683 1388 1730 nihil
1420 1702 1487 1732 re-

203 1748 298 1794 fert.
329 1748 477 1794 Finem
516 1748 714 1793 omnium
745 1766 889 1794 rerum
926 1744 1099 1812 specta,
1144 1768 1187 1799 et
1219 1754 1487 1818 supervacua

204 1821 407 1866 dimittes.
441 1821 591 1865 Fames
623 1837 693 1867 me
724 1821 941 1882 appellat:
971 1823 1024 1868 ad
1058 1825 1261 1885 proxima
1287 1845 1488 1892 quaeque

204 1892 405 1939 tendatur
423 1908 575 1938 manus
595 1910 605 1938 :
631 1893 719 1954 ipsa
743 1893 849 1939 mihi
877 1897 1205 1946 commendabit
1221 1935 1234 1956 ‚
1255 1903 1489 1963 quodcun-

204 1981 290 2026 que
316 1965 711 2027 comprehendero.
738 1966 857 2012 Nihil
877 1970 1122 2016 contemnit
1141 1970 1344 2020 esuriens.
1366 1975 1488 2034 Quid

206 2035 255 2080 tit
286 2051 392 2098 ergo
411 2070 424 2092 ‚
453 2036 571 2096 quod
610 2053 678 2081 me
708 2037 985 2085 delefflaverit
1004 2075 1017 2097 ‚
1054 2041 1263 2102 quaeris?
1306 2045 1489 2092 Videtur

209 2109 314 2154 mihi
347 2107 519 2171 egregie
552 2108 745 2154 dictum:
778 2109 954 2171 Sapiens
974 2145 988 2167 ‚
1020 2110 1276 2158 divitiarum
1318 2128 1488 2162 natura-

207 2185 317 2229 iium
337 2182 398 2228 est
424 2182 640 2245 quaefitor
665 2184 913 2230 acerrimus.
940 2184 1060 2230 Inani
1077 2201 1147 2232 me
1166 2221 1180 2244 ,
1200 2186 1347 2251 inquis
1365 2225 1378 2247 ,
1396 2188 1488 2236 lan-

210 2272 259 2302 ce
291 2271 504 2301 muneras.
540 2254 663 2314 Quid
688 2255 747 2303 est
783 2256 888 2301 illud
911 2257 957 2302 in
984 2258 1255 2305 commune?
1288 2260 1373 2306 iam
1405 2279 1491 2326 ego

209 2344 464 2390 paraveram
501 2325 628 2372 fiscos
647 2344 657 2370 ε
683 2326 1083 2389 circumspiciebam
1104 2328 1150 2375 in
1166 2331 1289 2393 quod
1310 2351 1379 2380 me
1398 2352 1488 2381 ma-

210 2418 256 2448 re
291 2399 587 2464 negotiaturus
633 2398 916 2449 immitterem
936 2435 953 2459 ,
985 2401 1107 2464 quod
1140 2402 1366 2463 publicum
1398 2408 1491 2471 agi-

1129 2475 1175 2521 H
1215 2494 1241 2524 2
