1730 2870
217 134 308 195 248
474 136 865 188 L.ANNAE1
917 136 1286 186 SENECAE

219 257 286 291 ras
305 240 508 289 interluit.
534 242 732 288 Iudicant
755 241 935 305 quidam
955 241 1136 290 flumina
1164 260 1367 308 quoque,
1387 262 1497 308 quo-

215 330 312 361 rum
341 314 638 362 inenarrabilis
667 330 817 361 natura
847 314 933 370 est,
964 333 1064 362 curn
1091 316 1187 378 ipso
1207 318 1376 364 mundo
1408 330 1497 364 tra-

215 387 319 433 xiffe
339 386 576 449 principia,
607 400 653 433 ut
678 387 853 447 Istrum,
879 404 928 434 ut
944 388 1120 444 Nilum,
1148 390 1294 438 vastos
1320 408 1496 447 amnes,

216 461 439 524 magisque
456 461 665 523 insignes,
703 478 834 523 quam
856 472 901 507 ut
920 461 1008 507 dici
1029 462 1177 524 poffit;
1209 464 1393 511 eandem
1413 463 1496 510 illis

214 535 433 597 originem
448 570 461 591 ‚
483 552 614 597 quam
634 534 788 582 ceteris
804 534 901 582 effe.

282 610 447 660 XXIII.
471 609 593 655 Haec
612 608 672 654 est
693 624 800 672 ergo
820 604 1028 671 aquarum
1050 609 1206 658 divisio
1220 645 1232 668 ,
1256 622 1304 657 ut
1321 611 1496 674 quibus-

215 682 314 728 dam
333 681 525 729 videtur.
552 682 650 727 Post
669 681 783 727 illam
806 681 1010 728 coelestes
1026 717 1038 738 ‚
1064 700 1170 745 quas
1189 700 1243 730 ex
1267 684 1498 746 superiori-

216 756 296 802 bus
317 755 461 801 nubila
489 755 680 801 eiiciunt.
711 757 775 800 Ex
799 756 978 801 terrenis
1002 756 1107 802 aliae
1133 756 1257 814 sunt,
1283 771 1333 804 ut
1352 757 1410 804 ita
1428 759 1498 804 di-

217 843 342 884 cam,
370 826 717 889 supernatantes,
746 843 855 889 quae
875 827 920 871 in
951 826 1117 874 summa
1145 829 1283 879 humo
1308 842 1495 892 repunt:

216 899 320 945 aliae
340 899 510 946 abditae
525 934 539 956 ,
568 914 750 963 quarum
776 899 947 946 reddita
969 899 1028 946 est
1048 900 1175 952 mtio.

280 975 456 1020 XXIV.
484 976 634 1034 Quare
657 975 870 1038 quaedam
899 991 1036 1038 aquae
1064 976 1230 1023 caleant
1247 1011 1261 1033 ‚
1284 966 1500 1036 Quaedam

217 1046 347 1093 etiam
378 1046 574 1095 ferveant
598 1048 644 1094 in
672 1061 838 1095 tantum
856 1084 870 1105 ‚
903 1060 950 1095 ut
970 1065 1059 1095 non
1080 1048 1242 1109 poffint
1261 1048 1345 1095 effe
1375 1047 1501 1107 usui,

216 1117 292 1164 nisi
313 1130 385 1166 aut
403 1117 448 1165 in
467 1130 620 1180 aperto
638 1135 858 1166 evanuere
872 1151 886 1175 ‚
916 1133 989 1165 aut
1017 1119 1204 1166 mixtura
1228 1117 1413 1181 frigidae
1429 1118 1510 1164 in··¹

216 1202 393 1251 tepuere
410 1224 423 1244 ,
453 1190 599 1251 plures
625 1191 771 1237 causae
793 1191 1046 1239 redduntur.
1080 1189 1373 1252 Empedocles
1403 1190 1502 1238 exi-

215 1262 355 1308 stimat
371 1262 572 1326 ignibus,
597 1279 709 1326 quos
731 1263 876 1309 multis
895 1263 1004 1310 locis
1023 1276 1134 1309 terra
1156 1275 1336 1325 opertos
1366 1263 1501 1327 tegit,

217 1351 374 1398 aquam
394 1333 626 1391 calescere,
644 1334 674 1379 si
690 1333 869 1381 subieffl
889 1334 982 1380 sunt
1002 1334 1121 1392 sole,
1142 1351 1218 1396 per
1237 1335 1361 1397 quod
1378 1336 1499 1398 aquis

216 1406 476 1454 transcursus
506 1406 580 1453 est.
608 1410 764 1454 Facere
795 1407 980 1454 solemus
1004 1407 1219 1454 dracones
1250 1420 1293 1453 et
1319 1407 1499 1455 miliaria

216 1494 259 1528 et
290 1480 538 1542 complures
566 1479 759 1536 formas,
793 1480 837 1525 in
868 1480 1025 1542 quibus
1056 1497 1152 1526 aere
1184 1480 1304 1526 tenui
1343 1480 1500 1529 fistulas

216 1555 416 1601 struimus
431 1590 447 1610 ,
475 1570 552 1616 per
569 1553 736 1600 declive
755 1552 1041 1598 circumdatas
1060 1571 1070 1598 :
1100 1565 1143 1599 ut
1168 1553 1290 1616 saepe
1310 1557 1496 1602 eundem

216 1628 359 1689 ignem
379 1622 572 1672 ambiens
591 1643 699 1687 aqua
715 1642 792 1687 per
809 1636 976 1671 tantum
999 1624 1107 1672 fluat
1122 1625 1268 1687 spatii,
1287 1640 1493 1690 quantum

215 1699 448 1746 efficiendo
476 1699 610 1746 calori
632 1698 690 1744 sat
713 1697 784 1743 est.
814 1697 983 1760 Frigida
1011 1698 1156 1761 itaque
1178 1698 1332 1756 intrat,
1359 1700 1494 1746 effluit

215 1770 366 1816 calida.
395 1771 513 1816 Idem
546 1768 621 1814 sub
652 1783 766 1814 terra
804 1769 1090 1829 Empedocles
1121 1769 1334 1815 existimat
1364 1770 1491 1819 fieri:

215 1860 346 1905 quem
370 1859 457 1888 non
481 1841 566 1887 falli
593 1841 771 1887 credent
796 1839 845 1894 ii,
872 1841 1030 1902 quibus
1056 1841 1268 1886 balnearia
1291 1842 1377 1887 fine
1397 1844 1494 1905 igne

216 1913 432 1961 calefiunt.
450 1913 633 1975 Spiritus
658 1914 703 1958 in
724 1913 793 1958 illa
816 1913 990 1960 fervens
1007 1913 1111 1960 loco
1131 1913 1334 1960 aestuanti
1351 1914 1494 1960 infun·

214 1988 343 2037 ditur.
376 1986 462 2035 Hic
482 1987 659 2049 pertuso
681 1986 842 2048 lapsus,
869 2003 958 2032 non
980 1985 1099 2032 aliter
1117 2003 1250 2050 quam
1269 1986 1369 2050 igne
1399 1987 1493 2034 sub-

215 2061 331 2117 dito,
361 2060 544 2120 parietes
560 2070 602 2105 et
619 2058 717 2105 vasa
738 2058 878 2104 balnei
897 2058 1104 2105 calefacit.
1129 2059 1288 2105 Omnis
1305 2059 1494 2122 denique

213 2132 372 2195 frigida
390 2131 566 2178 transitu
585 2142 777 2176 mutatur
797 2131 841 2179 in
868 2131 1078 2177 calidam:
1110 2148 1188 2178 nec
1208 2132 1338 2178 trahit
1365 2134 1494 2194 sapo-

216 2223 311 2252 rem
330 2200 590 2267 evaporatio
605 2239 617 2257 ,
637 2204 739 2266 quia
755 2203 894 2250 clausa
915 2204 1166 2266 perlabitur.
1186 2206 1383 2265 Quidam
1402 2205 1494 2251 exi·-

216 2277 422 2335 stimant,
443 2291 521 2340 per
551 2277 647 2322 loca
680 2276 880 2338 sulphure
914 2277 1046 2338 plena
1078 2292 1286 2325 exeuntes
1323 2277 1392 2324 vel
1426 2277 1492 2322 in-

215 2352 441 2398 troeuntes
470 2367 600 2413 aquas
618 2385 631 2406 ‚
664 2350 854 2397 calorem
891 2349 1107 2396 beneficio
1137 2349 1342 2396 materiae
1362 2385 1376 2405 ,
1414 2366 1491 2410 per

212 2441 349 2488 quam
381 2422 552 2484 fluunt,
583 2424 787 2473 trahere:
823 2424 949 2489 quod
981 2424 1077 2488 ipso
1110 2424 1249 2474 odore
1279 2423 1490 2491 gustuque
