1730 2870
281 128 372 192 388
497 129 544 174 L.
574 86 799 172 ΙΑΧΝΝΑΕΙ
832 125 1099 171 SENECAE
1133 125 1335 173 LUDUS

277 236 372 284 dire
401 233 555 297 poffet.
585 233 757 278 Omnes
784 229 909 290 laeti,
935 231 1119 289 hilares,
1146 232 1194 277 P.
1228 231 1280 277 R.
1307 229 1554 277 ambulabat

277 320 484 370 tanquam
505 304 624 350 liber.
662 302 837 366 Agatho
857 316 900 348 et
928 302 1057 365 pauci
1076 303 1277 350 caufidici
1297 302 1522 365 plorabant
1541 336 1557 358 ‚

277 380 351 428 sed
369 379 496 441 plane
515 394 570 423 ex
591 375 755 422 animo.
775 373 1066 421 Iurisconsulti
1085 391 1110 422 e
1127 376 1317 422 tenebris
1336 374 1556 438 procede·-

278 455 411 511 bant,
441 450 610 515 pallidi,
641 448 849 513 graciles,
877 448 954 494 vix
984 447 1190 494 habentes
1213 447 1401 493 animam
1418 482 1432 504 ‚
1460 456 1556 491 tan-

278 542 409 590 quam
439 522 515 586 qui
561 520 856 568 cummaxime
886 519 1216 567 reviviscerent.
1254 522 1320 565 Ex
1346 519 1412 566 his
1448 534 1558 565 unus

277 615 381 648 cum
403 595 575 644 vidisset
593 593 733 656 capita
755 593 1055 649 conferentes,
1080 603 1123 638 et
1149 590 1344 638 fortunas
1369 592 1459 638 suas
1480 592 1558 637 de-,

277 672 500 736 plorantes
523 667 762 714 causidicos
777 701 790 723 ‚
826 666 1020 724 accedit,
1046 681 1090 712 et
1114 665 1198 711 ait:
1228 665 1445 712 Dicebam
1468 681 1556 711 vo-

277 745 373 802 bis,
399 745 506 789 Non
529 740 698 802 semper
724 738 961 785 Saturnalia
980 750 1117 785 erunt.
1145 738 1358 784 Claudius
1375 753 1421 784 ut
1443 737 1558 793 vidit,

279 814 406 862 funus
423 814 546 861 suum
561 847 576 870 ,
596 812 806 859 intellexit
831 812 872 858 se
890 826 1121 859 mortuum
1142 810 1241 858 effe.
1258 811 1424 876 Ingenti
1438 810 1556 858 enim

274 895 558 951 μεγαληγορίᾳ
583 887 735 934 naenia
755 887 1008 935 cantabatur
1026 885 1286 950 anapaestis:

405 1023 720 1086 Funditefletus
736 1057 752 1081 ‚
1084 1024 1213 1069 Edite
1221 1021 1418 1083 planc'i‘us
1431 1055 1448 1080 ,

407 1097 575 1159 ,Fingite
591 1096 722 1142 luc‘lus
738 1114 756 1142 .·
1080 1098 1257 1157 Resonet
1274 1098 1326 1141 tri
1359 1097 1376 1140 i

410 1171 598 1215 Clamore
614 1171 757 1228 forum
777 1187 795 1216 .·
1086 1172 1241 1216 Cecidit
1261 1169 1427 1229 pulchre

409 1245 611 1288 Cordatus
631 1245 751 1289 homo
765 1277 782 1300 ,
1086 1246 1182 1305 Quo
1200 1261 1285 1287 non
1304 1243 1418 1288 alius

409 1317 512 1359 Fuit
526 1317 569 1360 in
593 1331 676 1361 toto
902 1318 903 1322 ¹
1084 1318 1262 1361 Fortiter
1277 1317 1378 1360 orbe.

405 1393 480 1436 Ille
496 1393 622 1435 citato
1089 1389 1258 1434 Vincere
1276 1389 1396 1449 cursu

405 1464 576 1507 Poterat
595 1465 732 1507 celeres
744 1495 762 1518 ,
1083 1463 1162 1506 Ille
1189 1463 1342 1507 rebelles

405 1536 589 1580 Fundere
611 1535 821 1592 Parthos,
1082 1534 1329 1594 Levibusque
1335 1533 1458 1594 sequi

404 1606 572 1670 Persida
596 1607 712 1663 telis,
1084 1608 1279 1667 Certaque
1298 1625 1428 1652 manu

406 1682 581 1725 Tendere
607 1697 774 1726 nervum
788 1695 807 1725 ε’
1080 1682 1175 1741 Qui
1186 1682 1425 1740 praecipites

404 1757 459 1800 V
452 1756 584 1798 aluere
595 1769 732 1813 parvo
1086 1755 1241 1814 figeret
1257 1754 1384 1820 lzostes
1395 1787 1411 1811 ‚

403 1825 601 1886 Piiiaque
626 1827 741 1870 Medi
1083 1827 1213 1886 Terga
1223 1824 1412 1886 fugacis.

402 1902 480 1944 Ille
500 1901 736 1944 Britannos
1080 1901 1202 1943 Ultra
1227 1900 1317 1944 noti

403 1972 549 2016 Litora
564 1974 710 2032 ponti,
1080 1974 1124 2016 E
1127 1987 1143 2016 t
1161 1975 1360 2017 caeruleos

403 2048 535 2090 Scuta
553 2047 786 2107 Brigantas
1080 2046 1203 2090 Dare
1219 2045 1433 2091 Romuleis

402 2120 526 2163 Colla
542 2120 701 2164 catenis
1070 2118 1218 2180 suffit,
1237 2116 1279 2164 δ’
1297 2120 1430 2179 ipsum

402 2192 529 2236 Nova
548 2193 768 2237 Romanae
1078 2193 1183 2238 Iura
1191 2193 1347 2251 securis

406 2267 585 2310 Tremere
603 2267 832 2312 Oceanum.
1081 2266 1243 2329 Deflete
1259 2269 1393 2313 virum
1409 2302 1424 2326 ,

405 2338 504 2398 Quo
522 2356 610 2383 non
628 2340 739 2383 alius
1079 2340 1228 2384 Potuit
1244 2340 1367 2385 citius

404 2411 578 2469 Discere
596 2410 743 2469 causas
757 2444 772 2466 2
1085 2414 1193 2457 Una
1214 2427 1381 2458 tantum
