1730 2870
256 126 349 189 284
512 128 906 177 L.ANNAE1
956 128 1313 176 SENECAE

252 236 513 294 vincuntur,
538 247 581 284 et
600 236 800 285 vincunt.
840 236 1051 284 Ceterum
1080 237 1312 284 intantum
1338 236 1444 285 nibil
1474 248 1539 288 at:

250 310 442 367 tollitur,
474 324 522 356 ut
557 309 794 356 collatione
830 308 965 356 totius
997 311 1113 357 nulla
1146 311 1196 358 fit
1226 312 1298 359 vel
1337 312 1537 360 maximis

251 382 436 446 portio:
470 381 593 444 quod
619 381 695 426 nisi
720 381 848 440 effer,
879 399 969 428 non
999 383 1267 444 diceremus,
1298 397 1440 431 totum
1460 402 1539 436 or-¹
1577 393 1582 401 ‘

247 457 350 503 hem
379 468 595 502 terrarum
629 455 758 516 pilam
779 455 878 503 effe.
908 457 1021 503 Pilae
1053 457 1296 520 proprietas
1316 458 1399 515 est,
1434 476 1537 506 cum

249 528 509 591 aequalitate
536 529 725 591 quadam
755 529 1030 576 rotunditas:
1063 530 1362 593 aequalitatem
1388 546 1536 579 autem

246 599 359 646 hanc
383 599 559 661 accipe,
591 616 719 662 quam
742 602 867 649 vides
897 602 944 647 in
974 601 1136 648 lusoria
1159 601 1258 664 pila.
1283 605 1388 651 Non
1419 605 1538 650 mul·

246 683 340 718 tum
374 672 437 719 illi
467 673 779 721 commissurae
811 690 854 722 et
886 675 1020 721 rimae
1051 692 1203 722 earum
1224 692 1412 735 nocent,
1444 695 1538 741 quo

246 745 392 793 minus
420 762 497 808 par
525 746 599 792 fibi
629 747 682 793 ab
714 747 838 793 omni
867 760 987 809 parte
1017 748 1199 795 dicatur.
1233 752 1465 813 quomodo
1491 752 1538 798 in

246 818 330 864 hac
348 818 436 880 pila
452 854 463 876 ‚
485 818 593 864 nihil
619 819 689 864 illa
712 818 939 867 intervalla
970 819 1166 866 officiunt
1185 821 1238 867 ad
1256 821 1441 884 speciem
1461 839 1539 870 ro-

245 892 407 947 tundi,
436 891 493 939 fic
526 909 608 939 nec
640 892 685 938 in
720 891 929 939 universo
965 893 1144 955 quidem
1181 894 1291 940 orbe
1324 907 1536 941 terrarum

245 964 351 1011 editi
379 979 584 1023 montes,
613 982 802 1029 quorum
831 964 1019 1012 altitudo
1050 966 1185 1013 totius
1212 967 1368 1013 mundi
1397 967 1535 1014 colla-

244 1036 368 1084 tione
399 1038 686 1085 consumitur.
713 1038 805 1098 Qui
824 1038 933 1084 dicit
959 1039 1160 1086 altiorem
1182 1051 1404 1096 montem,
1436 1039 1538 1102 quia
1578 1066 1581 1068 —

245 1109 385 1156 solem
416 1109 600 1172 propius
630 1110 841 1172 excipiat,
874 1112 1010 1173 magis
1038 1111 1178 1157 calere
1200 1111 1388 1158 debere:
1419 1111 1537 1157 idem

247 1181 393 1229 dicere
415 1180 582 1244 potest,
596 1182 845 1245 longiorem
866 1182 1095 1230 hominem
1115 1182 1240 1230 citius
1258 1200 1390 1246 quam
1409 1183 1540 1246 pusil-

246 1254 337 1300 lum
357 1254 516 1300 debere
537 1253 730 1301 calefieri
745 1290 758 1311 ‚
778 1267 822 1301 et
841 1254 967 1300 citius
985 1267 1114 1317 caput
1130 1255 1220 1301 eius
1238 1272 1370 1317 quam
1390 1255 1539 1317 pedes,

245 1330 308 1374 At
337 1325 532 1390 quisquis
560 1326 775 1373 mundum
810 1326 1008 1372 mensura
1041 1327 1112 1372 sua
1143 1327 1463 1381 aestimaverit,
1494 1341 1540 1374 et

245 1411 406 1446 terram
455 1399 717 1463 cogitaverit
753 1411 900 1445 tenere
934 1397 1084 1461 punffi
1123 1399 1297 1456 locum,
1331 1400 1541 1463 intelliget

244 1471 356 1518 nihil
375 1472 420 1516 in
437 1471 506 1517 illa
527 1471 651 1534 poffe
670 1471 729 1517 ita
748 1470 939 1517 eminere
956 1507 969 1527 ‚
994 1483 1039 1516 ut
1062 1472 1262 1517 coelestia
1287 1472 1421 1534 magis
1440 1473 1537 1518 sen-

245 1543 348 1602 tiat,
375 1544 498 1591 velut
520 1544 563 1590 in
583 1542 884 1607 propinquum
906 1543 989 1590 illis
1013 1544 1250 1591 accesserit.
1276 1546 1450 1591 Montes
1470 1544 1537 1591 isti

245 1633 360 1681 quos
398 1616 681 1678 suspicimus,
717 1629 760 1662 et
789 1616 978 1663 vertices
1010 1630 1184 1664 aeterna
1219 1618 1322 1665 nive
1352 1618 1536 1675 obseffi‚

245 1687 533 1736 nihilominus
552 1688 599 1734 in
623 1689 718 1734 imo
744 1688 853 1735 sunt.
887 1702 930 1736 et
958 1689 1144 1751 propius
1170 1689 1347 1752 quidem
1372 1689 1454 1736 soli
1478 1688 1539 1736 est

245 1777 375 1807 mons
393 1796 407 1817 ,
441 1778 573 1825 quam
599 1777 777 1823 campus
799 1773 869 1807 aut
890 1761 1045 1814 vallis;
1077 1760 1149 1807 sed
1169 1760 1254 1818 fic,
1279 1776 1370 1824 quo
1397 1760 1539 1806 modo

246 1832 308 1879 est
334 1832 445 1895 pilus
463 1832 554 1895 pilo
574 1832 765 1880 craffior.
803 1832 889 1878 Isto
907 1833 1024 1879 enim
1045 1833 1185 1879 modo
1200 1868 1214 1890 ,
1242 1847 1285 1879 et
1305 1833 1436 1878 arbor
1456 1832 1538 1878 alia

247 1906 384 1969 magis
413 1923 545 1968 quam
566 1906 646 1952 alia
677 1905 848 1952 dicetur
873 1905 1018 1953 vicina
1048 1904 1176 1952 coelo
1200 1920 1210 1949 t
1232 1904 1356 1967 quod
1384 1903 1536 1949 falsum

247 1978 333 2025 est:
356 1979 461 2040 quia
481 1978 593 2024 inter
613 1978 758 2041 pusilla
780 1994 871 2024 non
890 1977 1032 2039 potest
1049 1976 1133 2025 effe
1153 1992 1358 2039 magnum
1380 1975 1537 2021 discri-

246 2065 351 2096 men
369 2085 383 2108 ,
417 2049 495 2097 nisi
515 2051 620 2098 dum
641 2051 752 2097 inter
781 2050 823 2098 se
843 2061 1164 2113 comparantur.
1199 2049 1289 2095 Ubi
1321 2048 1375 2094 ad
1398 2048 1537 2094 colla-

247 2122 418 2170 tionem
458 2123 658 2171 immensi
682 2123 883 2186 corporis
906 2139 1086 2169 ventum
1114 2121 1200 2177 est,
1231 2121 1336 2166 nihil
1361 2119 1536 2167 interest

250 2210 420 2252 quanto
444 2196 624 2244 alterum
646 2197 781 2243 altero
801 2196 848 2242 fit
869 2196 1004 2242 maius
1025 2213 1034 2241 :
1055 2195 1155 2257 quia
1183 2193 1346 2241 etiamsi
1374 2209 1535 2256 magno

251 2269 530 2327 discrimine,
552 2282 695 2316 tamen
723 2267 905 2314 minima
933 2268 1179 2315 vincuntur.

324 2339 421 2384 ΧΠ.
450 2341 533 2386 Sed
554 2352 603 2388 ut
622 2340 676 2388 ad
695 2340 967 2403 propositum
996 2352 1192 2386 revertar
1211 2372 1224 2396 ‚
1255 2347 1432 2399 propter
1457 2336 1532 2381 has

257 2428 365 2476 quas
400 2414 524 2481 retuli
557 2415 734 2473 causas,
772 2414 986 2478 plerisque
1019 2412 1213 2478 placuit,
1249 2412 1294 2460 in
1329 2427 1378 2460 ea
1413 2421 1535 2474 parte
