1730 2870
259 181 318 244 36
497 177 872 227 L.ANNAEI
929 175 1278 223 SENECAE

255 301 313 332 eo
341 282 589 347 diligentius
613 282 800 345 tegitur,
829 298 922 345 quo
952 283 1131 345 propius
1158 282 1338 330 accedit.
1371 283 1532 337 Erras3

253 356 286 403 si
306 355 486 401 istorum
504 355 583 401 tibi
609 354 685 415 qui
706 366 946 401 occurrunt
972 354 1163 401 vultibus
1183 353 1319 400 credis
1335 389 1347 411 ‚
1383 353 1532 398 homi-

255 444 359 473 num
379 426 539 489 effigies
564 426 724 472 habent
742 461 755 482 ,
780 426 948 472 animos
976 424 1164 472 ferarum
1187 443 1197 471 :
1231 424 1306 470 nisi
1332 426 1454 488 quod
1480 425 1532 469 il-

254 500 391 546 larum
419 497 705 561 perniciofior
723 498 782 544 est
803 498 969 560 primus
996 498 1190 544 incursus
1205 532 1218 554 ,
1245 513 1358 560 quos
1378 496 1533 543 transi-

254 589 303 619 re
345 588 434 618 non
461 584 639 633 queunt.
675 573 911 635 Nunquam
938 571 1054 618 enim
1083 570 1173 616 illas
1196 571 1248 616 ad
1280 571 1530 616 nocendum

259 645 338 691 nisi
359 643 581 690 neceffitas
611 643 766 705 inigit:
797 655 871 688 aut
895 642 1034 696 fame,
1065 653 1138 687 ant
1167 641 1328 687 timore
1357 658 1532 704 cogun—

253 728 324 762 tur
351 715 405 761 ad
432 731 622 777 pugnam
644 731 655 760 :
680 712 852 760 homini
871 714 1051 776 perdere
1073 711 1297 758 hominem
1318 713 1433 760 libet.
1456 713 1532 758 Tu

252 800 397 835 tamen
416 786 472 833 ita
491 786 663 850 cogita,
688 787 809 849 quod
837 803 890 832 ex
907 784 1089 832 homine
1119 784 1360 847 periculum
1382 785 1429 832 sit
1445 821 1459 844 ‚
1483 797 1532 832 ut

251 860 444 922 cogites,
472 860 593 922 quod
612 858 872 905 sithominis
900 856 1108 904 officium.
1128 857 1320 903 Alterum
1340 857 1529 917 intuere,

251 951 306 981 ne
326 932 533 988 laedari33
560 932 738 979 alterum
756 968 770 991 ,
789 950 844 979 ne
862 932 1014 979 laedas.
1041 931 1306 979 Commodis
1330 933 1529 979 omnium

250 1004 446 1061 laeteris,
476 1003 697 1052 movearis
716 1004 1045 1051 incommodis:
1078 1016 1121 1051 et
1142 1003 1389 1051 memineris
1418 1022 1529 1068 quae

250 1077 463 1141 praestare
481 1078 658 1136 debeas,
677 1095 788 1142 quae
803 1095 972 1125 cavere.
990 1078 1059 1125 Sic
1076 1078 1275 1127 vivendo
1291 1077 1397 1141 quid
1417 1094 1529 1125 con-

252 1149 473 1213 sequeris?
495 1166 585 1196 non
599 1185 612 1205 ‚
631 1163 680 1196 ut
708 1166 762 1197 ne
782 1163 996 1206 noceant3
1026 1149 1098 1197 sed
1117 1168 1171 1197 ne
1190 1149 1349 1197 fallant.
1373 1152 1528 1212 Qua-nq-

251 1237 346 1271 tum
380 1237 524 1270 autem
558 1238 714 1285 potes,
749 1223 795 1269 in
828 1223 1148 1286 philosophiam
1178 1222 1345 1271 secede.
1376 1223 1445 1269 illa
1484 1234 1528 1271 te

250 1295 344 1342 finu
371 1296 449 1344 suo
482 1307 712 1358 proteget:
741 1296 786 1342 in
806 1295 932 1342 huius
958 1295 1142 1342 sacrario
1169 1296 1253 1342 eris
1278 1309 1353 1342 aut
1380 1307 1495 1342 tutus
1514 1331 1531 1355 ,

251 1380 325 1415 aut
348 1368 498 1416 tutior.
533 1369 643 1431 Non
663 1368 844 1415 arietant
861 1369 973 1416 inter
996 1369 1064 1424 se,
1095 1368 1171 1414 nifi
1190 1368 1233 1414 in
1254 1368 1410 1414 eodem
1432 1385 1527 1413 am-

251 1439 459 1487 bulantes.
495 1440 616 1500 Quin
648 1442 778 1487 etiam
806 1441 940 1504 ipsam
971 1440 1288 1504 philosophiam
1326 1456 1415 1485 non
1451 1441 1527 1485 de-

252 1512 374 1559 bebis
405 1512 573 1560 iactare.
610 1514 758 1561 multis
787 1514 870 1562 fuit
898 1516 1076 1578 periculi
1107 1515 1260 1569 causti,
1292 1513 1528 1559 insolenter

252 1584 458 1641 tractata,
489 1595 532 1631 et
561 1586 889 1633 contumaciter.
922 1587 1038 1635 Vitia
1069 1586 1145 1634 tibi
1176 1587 1398 1643 detrahat,
1435 1601 1525 1631 non

252 1659 323 1706 alii
348 1659 616 1722 exprobret:
646 1679 737 1708 non
765 1663 997 1709 abhorreat
1028 1680 1052 1709 a
1081 1662 1266 1724 publicis
1293 1660 1491 1707 moribus
1512 1676 1527 1703 :

253 1746 334 1776 nec
357 1729 445 1776 hoc
471 1744 596 1793 agat,
628 1746 677 1780 ut
709 1734 925 1797 quidquid
957 1751 1049 1780 non
1071 1734 1174 1781 facit
1191 1769 1205 1791 ,
1239 1734 1441 1779 damnare
1457 1732 1525 1780 vi-

252 1802 420 1850 dea-tur.
451 1803 574 1852 Licet
598 1805 742 1869 sapere
768 1806 854 1853 fine
874 1822 1041 1871 pompa
1057 1843 1072 1865 ,
1101 1809 1188 1857 fine
1209 1804 1384 1859 invidia·
