1730 2870
221 195 275 229 ιο
439 182 488 228 L.
548 176 848 225 ANNAEI
910 172 1263 221 SENECAE

204 286 483 346 inscribens,
504 286 622 348 apud
639 297 679 330 te
707 284 766 330 est
781 316 796 340 ‚
825 297 947 330 tuum
967 299 1056 329 non
1072 281 1132 328 est
1151 299 1161 328 :
1185 280 1292 327 nihil
1312 277 1497 325 firmum

211 359 391 406 infirmo
408 394 421 415 ‚
455 358 560 404 nihil
578 356 716 419 fragili
743 372 968 404 aeternum
985 367 1028 402 et
1050 354 1263 401 invistum
1282 352 1354 399 est.
1374 352 1489 397 Tam

213 432 380 478 necesse
399 430 459 478 est
478 430 619 493 perire
641 447 771 492 quam
792 430 989 492 perdere.
1012 440 1054 474 et
1081 429 1167 475 hoc
1186 426 1322 489 ipsum
1338 460 1352 483 ‚
1370 423 1400 470 ss
1417 424 1488 470 in·
1546 442 1550 447 ’

213 505 442 567 telligimus
455 539 467 560 ,
488 502 685 548 solatium
704 501 790 559 est,
812 517 954 564 aequo
973 501 1120 546 animo
1138 499 1320 561 perdere
1334 533 1348 556 ‚
1365 496 1489 559 quod

211 574 452 639 periturum
485 574 558 621 est.
592 575 715 634 Quid
757 590 864 635 ergo
897 572 1104 620 adversus
1136 571 1212 617 has
1244 567 1489 616 amiffiones

210 649 360 695 auxilii
399 649 710 695 inveniemus?
751 649 880 705 Hoc,
932 660 980 693 ut
1015 645 1231 693 memoria
1265 655 1487 689 teneamus

212 721 387 777 amissa,
422 739 501 768 nec
532 720 630 768 cum
659 720 757 783 ipsis
790 719 980 766 fruRum
1014 719 1215 766 excidere
1248 716 1489 778 patiamur,

207 812 338 857 quem
366 811 420 840 ex
444 793 526 840 illis
545 794 828 856 percepimus.
863 792 1033 837 Habere
1048 826 1060 848 ‚
1081 789 1294 852 eripitur:
1314 783 1487 832 habuis-

208 869 275 925 se,
311 883 546 929 nunquam.
582 867 856 929 Peringratus
892 865 995 923 est,-
1022 864 1099 926 qui
1133 880 1234 910 cum
1271 859 1489 916 amiserit,

208 955 293 1001 pro
323 952 507 1001 accepto
541 938 646 984 nihil
681 938 823 984 debet.
867 938 976 983 Rem
1022 933 1148 982 nobis
1182 932 1311 996 eripit
1339 932 1489 989 casus,

209 1010 332 1056 usum
354 1010 634 1072 studiumque
660 1010 779 1072 apud
799 1025 878 1056 nos
899 1007 1106 1070 relinquit
1126 1024 1138 1052 ε
1161 1023 1294 1068 quem
1308 1021 1388 1051 nos
1407 1004 1490 1050 ini-

206 1082 366 1145 quitate
400 1082 596 1128 desiderii
632 1081 865 1142 perdimus.
906 1079 996 1126 Dic
1026 1078 1134 1135 tibi,
1169 1081 1233 1124 Ex
1262 1075 1349 1122 istis
1378 1090 1489 1138 quae

205 1154 411 1200 terribilia-
437 1154 670 1210 videmur,
692 1153 799 1200 nihil
827 1152 887 1199 est
914 1152 1141 1198 invielum.
1169 1150 1345 1213 Singula
1364 1148 1488 1196 vice-

206 1241 253 1270 re
285 1225 369 1271 iam
389 1225 513 1271 multi
538 1226 710 1287 :ignem
742 1225 912 1271 Mucius
928 1259 941 1280 ‚
971 1241 1144 1270 crucem
1165 1223 1384 1286 Regulus,
1411 1237 1489 1267 ve-

205 1315 368 1344 nenum
404 1300 630 1352 Socrates,
669 1298 864 1344 exsilium
901 1297 1114 1354 Rutilius,
1145 1312 1334 1342 mortem
1369 1294 1487 1339 ferro

206 1371 400 1416 adaeram
422 1372 536 1415 Cato
556 1389 566 1414 ε
591 1385 634 1417 et
653 1387 733 1416 nos
758 1372 987 1416 vincamus
1006 1368 1185 1431 aliquid.
1205 1369 1366 1415 Rursus
1387 1367 1492 1422 ista,

205 1461 315 1507 quae
336 1457 381 1489 ut
404 1444 595 1506 speciosa
619 1457 658 1488 et
687 1442 833 1489 felicia
864 1442 1040 1488 trahunt
1071 1442 1277 1505 vulgum,
1297 1458 1320 1487 a
1341 1440 1491 1488 multis

205 1530 249 1564 et
268 1517 390 1578 saepe
409 1530 632 1563 contemta
663 1517 773 1563 sunt.
802 1516 1022 1562 Fabricius
1044 1516 1218 1561 divitias
1245 1514 1488 1577 imperator

207 1589 385 1646 reiecit,
414 1590 569 1636 censor
595 1590 768 1635 notavit
796 1608 804 1634 :
835 1589 1018 1635 Tubero
1047 1600 1345 1651 paupertatem
1375 1599 1416 1633 et
1448 1587 1489 1633 se

210 1663 387 1726 dignam
407 1678 448 1709 et
471 1664 698 1725 Capitolio
718 1662 955 1718 iudicavit,
980 1679 1080 1708 cum
1100 1659 1360 1707 fiffilibusin
1379 1660 1490 1721 pub-

207 1733 289 1779 lica
322 1750 458 1780 coena
485 1733 581 1780 usus
599 1771 611 1791 ‚
639 1734 855 1791 ostendit,
880 1733 1036 1779 debere
1060 1733 1126 1779 his
1157 1731 1380 1778 hominem
1405 1729 1490 1776 effe

209 1817 467 1851 contenzum
485 1838 498 1860 ‚
531 1806 686 1868 quibus
707 1806 767 1851 dii
796 1805 1033 1852 etiamnum
1064 1816 1304 1850 uterentur.
1329 1802 1492 1846 Hono-

209 1892 275 1921 res
305 1877 463 1938 repulit
483 1890 604 1938 pater
623 1876 820 1930 Sextius,
851 1877 927 1938 qui
953 1873 1014 1921 ita.
1031 1887 1153 1921 natus
1180 1886 1227 1920 ut
1254 1872 1491 1935 rempubli—

208 1966 303 1995 cam
345 1948 520 1995 deberet
558 1949 801 2010 capeffere,
851 1949 984 1994 latum
1026 1948 1198 1994 clavum
1237 1944 1346 1991 divo
1381 1945 1491 1991 Iulio

207 2022 362 2078 dante,
395 2037 485 2067 non
525 2022 706 2084 recepit.
749 2022 1020 2084 Intelligebat
1055 2020 1208 2074 enim,
1246 2018 1367 2081 quod
1400 2018 1492 2067 dari

208 2094 348 2157 posset
364 2131 377 2153 ,
404 2109 447 2142 et
477 2095 585 2157 eripi
607 2095 741 2158 poffe⁸
761 2098 855 2141 Nos
878 2111 1057 2158 quoque
1076 2093 1239 2157 aliquid
1258 2091 1333 2155 ipfi
1358 2091 1490 2138 facia-

205 2184 302 2213 mus
336 2169 562 2214 animose:
597 2169 724 2214 fimus
753 2168 867 2214 inter
903 2168 1116 2229 exempla.
1151 2168 1302 2227 Quare
1338 2165 1489 2213 defici·

208 2245 329 2285 mus?
360 2257 493 2302 quare
523 2240 825 2302 desperamus?
849 2239 1066 2303 quidquid
1095 2238 1188 2285 fieri
1205 2239 1377 2302 potuit,
1404 2256 1492 2301 po-

209 2312 300 2359 test.
344 2314 438 2358 Nos
474 2314 612 2359 modo
653 2329 893 2375 purgemus
926 2313 1142 2370 animum,
1176 2311 1490 2376 sequamurque

209 2400 405 2432 naturam
422 2417 434 2438 ,
469 2402 490 2429 a
519 2402 603 2448 qua
634 2384 852 2433 aberranti
873 2384 1137 2447 cupiendum
1158 2383 1490 2446 timendumque

206 2456 292 2516 est,
329 2472 370 2504 et
392 2456 586 2505 fortuitis
603 2457 897 2505 serviendum.
937 2457 1055 2505 Licet
1083 2458 1247 2506 reverti
1272 2457 1316 2506 in
1343 2457 1491 2514 viam,
