1730 2870
362 121 621 197 NATUR.
671 96 1128 180 QUAEsrssttss.
1176 118 1255 166 vt.
1356 134 1442 183 3¹5

171 228 287 277 tibus
314 246 469 277 verum
488 263 502 285 ‚
522 226 674 274 omnia
701 227 909 274 terribilia
931 226 1029 273 sunt
1044 262 1058 284 ‚
1078 238 1231 289 utpote
1255 241 1450 289 quorum

173 315 339 347 metum
358 299 510 355 raritas
526 311 665 362 auget.
699 299 859 346 Levius
878 298 1079 345 accidunt
1103 296 1332 343 familiaria
1352 315 1363 342 ε
1397 315 1451 344 ex

172 372 348 418 insolito
362 370 567 427 ‚formido
590 371 650 416 est
679 371 835 417 maior.
869 372 1018 430 Quare
1038 382 1182 416 autern
1210 369 1453 432 quidquam

174 444 302 490 nobis
320 442 539 490 insolitum
557 442 651 498 est?
671 444 772 506 quia
789 457 987 490 naturam
1016 443 1154 490 oculis
1170 478 1184 499 ‚
1205 459 1294 488 non
1315 443 1454 487 ratio-

173 533 228 562 ne
258 517 705 578 comprehendimus:
738 533 821 563 nec-
845 519 1088 580 cogitamus
1107 551 1120 573 ,
1152 515 1257 577 quid
1289 514 1359 559 illa
1390 513 1455 558 fa-

173 605 271 635 cere
297 589 450 651 poffit,
478 590 549 636 sed
577 602 747 636 tantum
779 589 885 651 quid
917 587 1078 635 fecerit.
1113 588 1282 634 Damus
1312 589 1457 649 itaque

170 658 298 705 huius
329 660 614 724 negligentiae
651 674 847 723 poenasj,
869 671 1081 723 *tanquam
1121 659 1251 705 nervis
1287 658 1459 705 territi:

172 748 274 778 cum
299 732 368 778 illa
394 750 486 778 non
518 733 598 779 sint
630 749 749 778 nova
770 768 783 789 ‚
817 733 890 779 sed
922 732 1107 785 insolita.
1146 731 1274 789 Quid
1307 730 1457 793 ergo?

173 805 278 852 Non
297 805 555 869 religionem
581 806 738 853 incutit
767 806 1007 859 mentibus,
1032 818 1074 850 et
1100 806 1278 868 quidem
1313 805 1458 866 publi-

171 896 247 936 ce,
264 878 353 926 five
373 878 559 937 deficere
581 878 644 925 sol
663 878 780 925 visus
800 878 861 925 est
875 914 888 934 ,
904 877 997 923 slve
1017 877 1140 933 luna,
1162 878 1284 924 cuius
1302 876 1459 923 obscu-

172 951 286 997 ratio
322 949 596 1014 frequentior
616 987 628 1008 ‚
652 966 726 996 aut
748 966 868 1013 parte
890 949 980 1006 -sui,
1003 961 1073 994 aut
1101 960 1192 995 tota
1211 983 1222 1002 ‚
1256 948 1455 995 delituit?

171 1024 394 1087 longeque
431 1023 574 1086 magis
607 1024 704 1069 illae
734 1023 852 1069 actae
880 1022 926 1067 in
971 1021 1262 1075 transversum
1306 1020 1423 1068 faces
1443 1055 1457 1077 ,

170 1112 214 1144 et
246 1098 360 1144 coeli
390 1114 546 1161 magna
578 1113 676 1158 pars
713 1097 868 1142 ardens
888 1131 902 1153 ,
945 1108 988 1142 et
1022 1095 1176 1141 crinita
1215 1094 1383 1151 sidera,
1415 1108 1460 1141 et
1502 1123 1503 1127 =

170 1171 317 1234 plures
345 1171 451 1218 solis.
474 1172 631 1228 orbes,
652 1185 695 1218 et
722 1171 859 1218 stellae
882 1187 956 1234 per
988 1170 1104 1216 diem
1136 1169 1251 1216 visae
1267 1204 1280 1225 ,
1303 1168 1459 1215 subiti-

168 1262 255 1308 que
269 1245 533 1292 transcursus
550 1245 732 1308 ignium,
749 1246 927 1290 multam
943 1244 1041 1306 post
1060 1244 1100 1289 se
1120 1242 1265 1289 lucem
1282 1242 1459 1288 trahen-

167 1319 319 1366 tium?
364 1320 499 1366 Nihil,
517 1320 676 1369 horum
716 1318 802 1365 fine
831 1320 995 1364 timore
1027 1318 1266 1364 miramur:
1291 1333 1334 1363 et
1356 1334 1456 1364 cum

167 1393 348 1441 timendi
377 1394 424 1440 fit
455 1394 577 1440 causa
593 1430 608 1450 ‚
631 1391 789 1440 nescire
808 1410 821 1449 3
851 1410 942 1439 non
968 1392 1028 1439 est
1049 1392 1155 1438 tanti
1178 1391 1310 1448 scire,
1328 1408 1382 1438 ne
1401 1393 1457 1438 ti·

169 1483 300 1513 meas.
345 1468 526 1526 Quanto
556 1466 682 1513 satius
711 1466 772 1512 est
790 1502 804 1521 ‚
833 1466 977 1513 causas
1008 1465 1259 1528 inquirere,
1290 1466 1457 1528 etqui-

171 1540 271 1586 dem
299 1552 396 1585 toto
431 1540 476 1585 in
503 1541 589 1586 hoc
619 1538 833 1585 intentum
866 1539 1052 1585 animo?
1082 1540 1237 1601 Neque
1264 1539 1385 1585 enim
1409 1540 1459 1586 il-

168 1615 216 1659 lo
247 1613 491 1676 quidquam
528 1612 716 1659 inveniri
752 1611 926 1674 dignius
971 1612 1144 1674 potest,
1175 1611 1246 1658 cui
1284 1611 1327 1658 se
1365 1629 1458 1660 non

169 1701 338 1734 tantum
369 1689 658 1744 commodet,
690 1687 763 1734 sed
793 1687 1030 1749 impendat.

232 1762 310 1807 1V.
352 1762 626 1820 Quaeramus
658 1778 793 1823 erge),
822 1761 928 1824 quid
963 1761 1014 1807 fit
1048 1761 1171 1824 quod
1203 1773 1363 1809 terram
1399 1762 1454 1809 ab

166 1834 323 1881 infimo
353 1847 565 1892 moveat,
591 1837 700 1899 quid
725 1836 834 1882 tanti
860 1837 1026 1883 molem
1060 1836 1267 1900 ponderis
1291 1838 1454 1900 impel-

167 1908 254 1964 lat,
281 1908 390 1970 quid
417 1907 466 1953 sit
490 1908 562 1954 illa
589 1909 830 1970 valentius,
851 1909 958 1972 quid
978 1910 1154 1956 'tantum
1178 1927 1289 1956 onus
1309 1911 1356 1956 vi
1382 1911 1456 1957 sua

169 1978 418 2025 labefieret:
447 1996 524 2024 cur
546 1979 683 2025 modo
703 1991 884 2036 tremat,
915 1982 1054 2027 modo
1075 1981 1216 2027 luxata
1240 1981 1458 2038 subsidat,

173 2067 290 2097 nunc
316 2050 359 2095 in
391 2061 530 2112 partes
550 2050 686 2097 divisa
718 2051 938 2098 discedat:
969 2064 1013 2099 et
1046 2053 1145 2099 alias
1172 2053 1455 2101 intervallum

171 2126 323 2171 ruinae
345 2124 442 2170 suae
472 2123 548 2169 diu
567 2123 740 2182 servet,
768 2125 869 2172 alias
899 2125 991 2172 cito
1013 2127 1310 2189 comprimat:
1337 2144 1456 2172 nunc

168 2215 316 2244 amnes
346 2197 653 2260 magnitudinis
677 2211 806 2245 notae
825 2212 1059 2245 convertat
1077 2198 1286 2245 introrsus
1301 2231 1315 2250 ‚
1338 2216 1457 2247 nunc

170 2287 319 2317 novos
339 2270 581 2330 exprimat:
615 2272 776 2333 aperiat
807 2271 1040 2334 aliquando
1071 2289 1279 2335 aquarum
1310 2272 1455 2318 calen-

167 2342 275 2389 tium
309 2359 472 2399 venas,
500 2342 736 2406 aliquando
767 2344 995 2407 refrigeret
1023 2361 1034 2388 :
1079 2344 1290 2408 ignesque
1334 2361 1453 2390 non-

169 2432 393 2480 nunquam
414 2432 492 2478 per
510 2416 688 2481 aliquod
710 2417 911 2481 ignotum
928 2429 1053 2466 antea
1085 2418 1250 2467 montis
1279 2430 1353 2483 aut
1377 2434 1452 2465 ru-
