<?xml version="1.0" encoding="UTF-8"?>
<!DOCTYPE html PUBLIC "-//W3C//DTD XHTML 1.0 Transitional//EN"
    "http://www.w3.org/TR/xhtml1/DTD/xhtml1-transitional.dtd">
<html xmlns="http://www.w3.org/1999/xhtml" xml:lang="en" lang="en">
 <head>
  <title>
</title>
<meta http-equiv="Content-Type" content="text/html;charset=utf-8" />
  <meta name='ocr-system' content='tesseract 3.04.00' />
  <meta name='ocr-capabilities' content='ocr_page ocr_carea ocr_par ocr_line ocrx_word'/>
</head>
<body>
  <div class='ocr_page' id='page_1' title='image "./lannaeisenecaeph04seneuoft_0284.png"; bbox 0 0 1730 2870; ppageno 0'>
   <div class='ocr_carea' id='block_1_1' title="bbox 264 121 1324 185">
    <p class='ocr_par' dir='ltr' id='par_1_1' title="bbox 264 121 1324 185">
     <span class='ocr_line' id='line_1_1' title="bbox 264 121 1324 185; baseline 0.002 -15"><span class='ocrx_word' id='word_1_1' title='bbox 264 121 356 185; x_wconf 76' lang='lat'>278</span> <span class='ocrx_word' id='word_1_2' title='bbox 490 125 538 170; x_wconf 81' lang='lat' dir='ltr'>L.</span> <span class='ocrx_word' id='word_1_3' title='bbox 599 124 903 170; x_wconf 75' lang='lat' dir='ltr'><strong>ANNAEI</strong></span> <span class='ocrx_word' id='word_1_4' title='bbox 966 125 1324 172; x_wconf 72' lang='lat' dir='ltr'>SENECAE</span> 
     </span>
    </p>
   </div>
   <div class='ocr_carea' id='block_1_2' title="bbox 260 229 1602 2481">
    <p class='ocr_par' dir='ltr' id='par_1_2' title="bbox 260 229 1602 1604">
     <span class='ocr_line' id='line_1_2' title="bbox 260 229 1575 297; baseline 0.004 -21"><span class='ocrx_word' id='word_1_5' title='bbox 260 229 400 276; x_wconf 87' lang='lat' dir='ltr'>cernis</span> <span class='ocrx_word' id='word_1_6' title='bbox 426 230 572 277; x_wconf 74' lang='lat' dir='ltr'>oleum</span> <span class='ocrx_word' id='word_1_7' title='bbox 606 229 684 276; x_wconf 85' lang='lat' dir='ltr'>illo</span> <span class='ocrx_word' id='word_1_8' title='bbox 719 229 815 276; x_wconf 77' lang='lat' dir='ltr'>fluit</span> <span class='ocrx_word' id='word_1_9' title='bbox 834 266 848 286; x_wconf 89' lang='lat'><em>‚</em></span> <span class='ocrx_word' id='word_1_10' title='bbox 879 231 955 277; x_wconf 82' lang='lat' dir='ltr'>ubi</span> <span class='ocrx_word' id='word_1_11' title='bbox 989 232 1214 279; x_wconf 78' lang='lat' dir='ltr'>exuritur:</span> <span class='ocrx_word' id='word_1_12' title='bbox 1243 232 1299 279; x_wconf 83' lang='lat' dir='ltr'>fic</span> <span class='ocrx_word' id='word_1_13' title='bbox 1331 250 1439 297; x_wconf 81' lang='lat' dir='ltr'>aqua</span> <span class='ocrx_word' id='word_1_14' title='bbox 1469 234 1575 282; x_wconf 67' lang='lat' dir='ltr'>isso*</span> 
     </span>
     <span class='ocr_line' id='line_1_3' title="bbox 260 302 1546 364; baseline 0.003 -16"><span class='ocrx_word' id='word_1_15' title='bbox 260 303 501 359; x_wconf 76' lang='lat' dir='ltr'>incumbit,</span> <span class='ocrx_word' id='word_1_16' title='bbox 525 319 618 364; x_wconf 86' lang='lat' dir='ltr'>quo</span> <span class='ocrx_word' id='word_1_17' title='bbox 636 303 704 349; x_wconf 88' lang='lat' dir='ltr'>vis</span> <span class='ocrx_word' id='word_1_18' title='bbox 724 302 882 349; x_wconf 79' lang='lat' dir='ltr'>caloris</span> <span class='ocrx_word' id='word_1_19' title='bbox 899 316 941 348; x_wconf 88' lang='lat' dir='ltr'>et</span> <span class='ocrx_word' id='word_1_20' title='bbox 959 315 1097 351; x_wconf 83' lang='lat' dir='ltr'>terrae</span> <span class='ocrx_word' id='word_1_21' title='bbox 1116 306 1343 353; x_wconf 85' lang='lat' dir='ltr'>aestuantis</span> <span class='ocrx_word' id='word_1_22' title='bbox 1363 308 1546 355; x_wconf 72' lang='lat' dir='ltr'>arcessit.</span> 
     </span>
     <span class='ocr_line' id='line_1_4' title="bbox 260 376 1549 442; baseline 0.005 -22"><span class='ocrx_word' id='word_1_23' title='bbox 260 376 391 421; x_wconf 88' lang='lat' dir='ltr'>Unde</span> <span class='ocrx_word' id='word_1_24' title='bbox 423 393 531 439; x_wconf 82' lang='lat' dir='ltr'>ergo</span> <span class='ocrx_word' id='word_1_25' title='bbox 558 376 768 424; x_wconf 75' lang='lat' dir='ltr'>trahitur?</span> <span class='ocrx_word' id='word_1_26' title='bbox 795 396 848 424; x_wconf 84' lang='lat' dir='ltr'>ex</span> <span class='ocrx_word' id='word_1_27' title='bbox 869 378 951 424; x_wconf 67' lang='lat' dir='ltr'>inis</span> <span class='ocrx_word' id='word_1_28' title='bbox 978 379 1137 426; x_wconf 76' lang='lat' dir='ltr'>scilicet</span> <span class='ocrx_word' id='word_1_29' title='bbox 1157 380 1350 442; x_wconf 78' lang='lat' dir='ltr'>partibus</span> <span class='ocrx_word' id='word_1_30' title='bbox 1379 381 1549 442; x_wconf 72' lang='lat' dir='ltr'>semper</span> 
     </span>
     <span class='ocr_line' id='line_1_5' title="bbox 260 448 1549 510; baseline 0.006 -18"><span class='ocrx_word' id='word_1_31' title='bbox 260 448 481 505; x_wconf 82' lang='lat' dir='ltr'>hibernis,</span> <span class='ocrx_word' id='word_1_32' title='bbox 498 451 935 510; x_wconf 70' lang='lat' dir='ltr'>Septemtrionalibus</span> <span class='ocrx_word' id='word_1_33' title='bbox 951 487 965 509; x_wconf 77' lang='lat'>‚</span> <span class='ocrx_word' id='word_1_34' title='bbox 990 451 1105 497; x_wconf 86' lang='lat' dir='ltr'>unde</span> <span class='ocrx_word' id='word_1_35' title='bbox 1133 454 1336 500; x_wconf 87' lang='lat' dir='ltr'>exundat.</span> <span class='ocrx_word' id='word_1_36' title='bbox 1361 453 1437 499; x_wconf 86' lang='lat' dir='ltr'>Ob</span> <span class='ocrx_word' id='word_1_37' title='bbox 1457 453 1549 500; x_wconf 86' lang='lat' dir='ltr'>hoc</span> 
     </span>
     <span class='ocr_line' id='line_1_6' title="bbox 262 519 1547 587; baseline 0.005 -24"><span class='ocrx_word' id='word_1_38' title='bbox 262 520 427 565; x_wconf 87' lang='lat' dir='ltr'>Pontus</span> <span class='ocrx_word' id='word_1_39' title='bbox 449 519 494 565; x_wconf 84' lang='lat' dir='ltr'>in</span> <span class='ocrx_word' id='word_1_40' title='bbox 516 519 737 568; x_wconf 81' lang='lat' dir='ltr'>infernum</span> <span class='ocrx_word' id='word_1_41' title='bbox 769 541 890 569; x_wconf 80' lang='lat' dir='ltr'>mare</span> <span class='ocrx_word' id='word_1_42' title='bbox 922 522 1083 570; x_wconf 80' lang='lat' dir='ltr'>affidue</span> <span class='ocrx_word' id='word_1_43' title='bbox 1109 523 1206 571; x_wconf 84' lang='lat' dir='ltr'>fluit</span> <span class='ocrx_word' id='word_1_44' title='bbox 1230 525 1426 587; x_wconf 85' lang='lat' dir='ltr'>rapidus,</span> <span class='ocrx_word' id='word_1_45' title='bbox 1454 541 1547 570; x_wconf 79' lang='lat' dir='ltr'>non</span> 
     </span>
     <span class='ocr_line' id='line_1_7' title="bbox 260 593 1602 658; baseline 0.004 -22"><span class='ocrx_word' id='word_1_46' title='bbox 260 606 309 638; x_wconf 90' lang='lat' dir='ltr'>ut</span> <span class='ocrx_word' id='word_1_47' title='bbox 344 603 486 638; x_wconf 84' lang='lat' dir='ltr'>cetera</span> <span class='ocrx_word' id='word_1_48' title='bbox 521 593 683 649; x_wconf 84' lang='lat' dir='ltr'>maria,</span> <span class='ocrx_word' id='word_1_49' title='bbox 716 595 933 642; x_wconf 75' lang='lat' dir='ltr'>alternatis</span> <span class='ocrx_word' id='word_1_50' title='bbox 969 596 1088 641; x_wconf 72' lang='lat' dir='ltr'>uitro</span> <span class='ocrx_word' id='word_1_51' title='bbox 1119 596 1233 642; x_wconf 86' lang='lat' dir='ltr'>citro</span> <span class='ocrx_word' id='word_1_52' title='bbox 1262 596 1468 654; x_wconf 84' lang='lat' dir='ltr'>aestibus,</span> <span class='ocrx_word' id='word_1_53' title='bbox 1502 597 1549 642; x_wconf 85' lang='lat' dir='ltr'>in-</span> <span class='ocrx_word' id='word_1_54' title='bbox 1600 656 1602 658; x_wconf 12' lang='lat' dir='ltr'>v</span> 
     </span>
     <span class='ocr_line' id='line_1_8' title="bbox 263 668 1550 732; baseline 0.003 -20"><span class='ocrx_word' id='word_1_55' title='bbox 263 682 396 712; x_wconf 82' lang='lat' dir='ltr'>unam</span> <span class='ocrx_word' id='word_1_56' title='bbox 426 681 593 728; x_wconf 79' lang='lat' dir='ltr'>partem</span> <span class='ocrx_word' id='word_1_57' title='bbox 620 668 790 731; x_wconf 78' lang='lat' dir='ltr'><strong>semper</strong></span> <span class='ocrx_word' id='word_1_58' title='bbox 818 685 984 732; x_wconf 85' lang='lat' dir='ltr'>pronus</span> <span class='ocrx_word' id='word_1_59' title='bbox 1012 682 1056 716; x_wconf 91' lang='lat' dir='ltr'>et</span> <span class='ocrx_word' id='word_1_60' title='bbox 1086 681 1269 716; x_wconf 68' lang='lat' dir='ltr'>torrens,</span> <span class='ocrx_word' id='word_1_61' title='bbox 1302 670 1442 729; x_wconf 83' lang='lat' dir='ltr'>Quod</span> <span class='ocrx_word' id='word_1_62' title='bbox 1472 670 1550 716; x_wconf 75' lang='lat' dir='ltr'>nist</span> 
     </span>
     <span class='ocr_line' id='line_1_9' title="bbox 263 737 1550 806; baseline 0.007 -24"><span class='ocrx_word' id='word_1_63' title='bbox 263 737 449 794; x_wconf 73' lang='lat' dir='ltr'>faceret,</span> <span class='ocrx_word' id='word_1_64' title='bbox 470 739 620 804; x_wconf 80' lang='lat' dir='ltr'>hisque</span> <span class='ocrx_word' id='word_1_65' title='bbox 638 742 869 789; x_wconf 75' lang='lat' dir='ltr'>itineribus</span> <span class='ocrx_word' id='word_1_66' title='bbox 882 777 895 799; x_wconf 90' lang='lat'>‚</span> <span class='ocrx_word' id='word_1_67' title='bbox 915 743 1037 804; x_wconf 82' lang='lat' dir='ltr'>quod</span> <span class='ocrx_word' id='word_1_68' title='bbox 1056 742 1215 806; x_wconf 87' lang='lat' dir='ltr'>cuique</span> <span class='ocrx_word' id='word_1_69' title='bbox 1235 743 1377 799; x_wconf 84' lang='lat' dir='ltr'>deest,</span> <span class='ocrx_word' id='word_1_70' title='bbox 1396 745 1550 791; x_wconf 85' lang='lat' dir='ltr'>redde-</span> 
     </span>
     <span class='ocr_line' id='line_1_10' title="bbox 263 814 1552 879; baseline 0.005 -23"><span class='ocrx_word' id='word_1_71' title='bbox 263 825 410 867; x_wconf 65' lang='lat' dir='ltr'>tetur,</span> <span class='ocrx_word' id='word_1_72' title='bbox 442 815 564 874; x_wconf 82' lang='lat' dir='ltr'>quod</span> <span class='ocrx_word' id='word_1_73' title='bbox 597 816 759 879; x_wconf 84' lang='lat' dir='ltr'>cuique</span> <span class='ocrx_word' id='word_1_74' title='bbox 789 814 1006 878; x_wconf 87' lang='lat' dir='ltr'>superest,</span> <span class='ocrx_word' id='word_1_75' title='bbox 1032 815 1331 871; x_wconf 81' lang='lat' dir='ltr'>emitteretur3</span> <span class='ocrx_word' id='word_1_76' title='bbox 1361 817 1446 863; x_wconf 87' lang='lat' dir='ltr'>iam</span> <span class='ocrx_word' id='word_1_77' title='bbox 1480 828 1552 864; x_wconf 77' lang='lat' dir='ltr'>aut</span> 
     </span>
     <span class='ocr_line' id='line_1_11' title="bbox 263 882 1600 957; baseline 0.003 -28"><span class='ocrx_word' id='word_1_78' title='bbox 263 882 420 930; x_wconf 64' lang='lat' dir='ltr'>siccata</span> <span class='ocrx_word' id='word_1_79' title='bbox 446 884 581 932; x_wconf 66' lang='lat' dir='ltr'>essent</span> <span class='ocrx_word' id='word_1_80' title='bbox 600 888 752 935; x_wconf 83' lang='lat' dir='ltr'>omnia</span> <span class='ocrx_word' id='word_1_81' title='bbox 769 924 782 946; x_wconf 89' lang='lat'>,</span> <span class='ocrx_word' id='word_1_82' title='bbox 805 902 877 934; x_wconf 81' lang='lat' dir='ltr'>aut</span> <span class='ocrx_word' id='word_1_83' title='bbox 894 887 1116 934; x_wconf 81' lang='lat' dir='ltr'>inundata.</span> <span class='ocrx_word' id='word_1_84' title='bbox 1143 892 1415 957; x_wconf 66' lang='lat' dir='ltr'>Interrogare</span> <span class='ocrx_word' id='word_1_85' title='bbox 1436 889 1553 936; x_wconf 76' lang='lat' dir='ltr'>Dio·</span> <span class='ocrx_word' id='word_1_86' title='bbox 1596 930 1600 933; x_wconf 92' lang='grc'><em>,</em></span> 
     </span>
     <span class='ocr_line' id='line_1_12' title="bbox 266 956 1554 1023; baseline 0.003 -21"><span class='ocrx_word' id='word_1_87' title='bbox 266 971 425 1017; x_wconf 84' lang='lat' dir='ltr'>genem</span> <span class='ocrx_word' id='word_1_88' title='bbox 444 956 578 1012; x_wconf 87' lang='lat' dir='ltr'>libet,</span> <span class='ocrx_word' id='word_1_89' title='bbox 597 975 733 1021; x_wconf 81' lang='lat' dir='ltr'>quare</span> <span class='ocrx_word' id='word_1_90' title='bbox 746 994 759 1014; x_wconf 83' lang='lat'><strong>,</strong></span> <span class='ocrx_word' id='word_1_91' title='bbox 789 977 889 1007; x_wconf 89' lang='lat' dir='ltr'>cum</span> <span class='ocrx_word' id='word_1_92' title='bbox 911 972 1073 1023; x_wconf 84' lang='lat' dir='ltr'>pontus</span> <span class='ocrx_word' id='word_1_93' title='bbox 1092 975 1135 1007; x_wconf 88' lang='lat' dir='ltr'>et</span> <span class='ocrx_word' id='word_1_94' title='bbox 1155 976 1302 1006; x_wconf 84' lang='lat' dir='ltr'>amnes</span> <span class='ocrx_word' id='word_1_95' title='bbox 1322 961 1463 1008; x_wconf 68' lang='lat' dir='ltr'>cunffi</span> <span class='ocrx_word' id='word_1_96' title='bbox 1481 961 1554 1007; x_wconf 83' lang='lat' dir='ltr'>in-</span> 
     </span>
     <span class='ocr_line' id='line_1_13' title="bbox 268 1028 1556 1088; baseline 0.002 -12"><span class='ocrx_word' id='word_1_97' title='bbox 268 1028 412 1076; x_wconf 83' lang='lat' dir='ltr'>vicem</span> <span class='ocrx_word' id='word_1_98' title='bbox 439 1044 717 1088; x_wconf 79' lang='lat' dir='ltr'>commeent,</span> <span class='ocrx_word' id='word_1_99' title='bbox 743 1049 835 1079; x_wconf 87' lang='lat' dir='ltr'>non</span> <span class='ocrx_word' id='word_1_100' title='bbox 855 1033 1063 1080; x_wconf 86' lang='lat' dir='ltr'>omnibus</span> <span class='ocrx_word' id='word_1_101' title='bbox 1083 1032 1195 1080; x_wconf 83' lang='lat' dir='ltr'>locis</span> <span class='ocrx_word' id='word_1_102' title='bbox 1214 1033 1369 1080; x_wconf 84' lang='lat' dir='ltr'>aestate</span> <span class='ocrx_word' id='word_1_103' title='bbox 1388 1033 1556 1079; x_wconf 77' lang='lat' dir='ltr'>maiora</span> 
     </span>
     <span class='ocr_line' id='line_1_14' title="bbox 268 1100 1558 1170; baseline 0.005 -24"><span class='ocrx_word' id='word_1_104' title='bbox 268 1100 367 1148; x_wconf 83' lang='lat' dir='ltr'>sunt</span> <span class='ocrx_word' id='word_1_105' title='bbox 397 1101 612 1151; x_wconf 79' lang='lat' dir='ltr'>flumina?</span> <span class='ocrx_word' id='word_1_106' title='bbox 645 1108 902 1170; x_wconf 81' lang='lat' dir='ltr'>Aegyptum</span> <span class='ocrx_word' id='word_1_107' title='bbox 933 1107 996 1153; x_wconf 82' lang='lat' dir='ltr'>sol</span> <span class='ocrx_word' id='word_1_108' title='bbox 1031 1106 1166 1169; x_wconf 79' lang='lat' dir='ltr'>magis</span> <span class='ocrx_word' id='word_1_109' title='bbox 1194 1105 1440 1170; x_wconf 80' lang='lat' dir='ltr'>percoquit.</span> <span class='ocrx_word' id='word_1_110' title='bbox 1467 1109 1558 1153; x_wconf 80' lang='lat' dir='ltr'>lta-</span> 
     </span>
     <span class='ocr_line' id='line_1_15' title="bbox 268 1172 1557 1245; baseline 0.005 -27"><span class='ocrx_word' id='word_1_111' title='bbox 268 1174 353 1235; x_wconf 83' lang='lat' dir='ltr'>que</span> <span class='ocrx_word' id='word_1_112' title='bbox 381 1172 510 1222; x_wconf 79' lang='lat' dir='ltr'>Nilus</span> <span class='ocrx_word' id='word_1_113' title='bbox 535 1179 671 1238; x_wconf 81' lang='lat' dir='ltr'>magis</span> <span class='ocrx_word' id='word_1_114' title='bbox 687 1181 859 1228; x_wconf 84' lang='lat' dir='ltr'>crescit.</span> <span class='ocrx_word' id='word_1_115' title='bbox 879 1182 965 1228; x_wconf 87' lang='lat' dir='ltr'>Sed</span> <span class='ocrx_word' id='word_1_116' title='bbox 989 1181 1035 1227; x_wconf 91' lang='lat' dir='ltr'>in</span> <span class='ocrx_word' id='word_1_117' title='bbox 1053 1181 1207 1228; x_wconf 85' lang='lat' dir='ltr'>ceteris</span> <span class='ocrx_word' id='word_1_118' title='bbox 1226 1198 1409 1245; x_wconf 87' lang='lat' dir='ltr'>quoque</span> <span class='ocrx_word' id='word_1_119' title='bbox 1428 1181 1557 1227; x_wconf 75' lang='lat' dir='ltr'>terris</span> 
     </span>
     <span class='ocr_line' id='line_1_16' title="bbox 268 1246 1557 1316; baseline 0.005 -24"><span class='ocrx_word' id='word_1_120' title='bbox 268 1246 412 1310; x_wconf 84' lang='lat' dir='ltr'>aliqua</span> <span class='ocrx_word' id='word_1_121' title='bbox 436 1247 693 1296; x_wconf 81' lang='lat' dir='ltr'>fluminibus</span> <span class='ocrx_word' id='word_1_122' title='bbox 718 1249 765 1296; x_wconf 81' lang='lat' dir='ltr'>fit</span> <span class='ocrx_word' id='word_1_123' title='bbox 781 1250 986 1297; x_wconf 72' lang='lat' dir='ltr'>adiefflo.</span> <span class='ocrx_word' id='word_1_124' title='bbox 1006 1251 1185 1298; x_wconf 85' lang='lat' dir='ltr'>Deinde</span> <span class='ocrx_word' id='word_1_125' title='bbox 1203 1268 1339 1316; x_wconf 84' lang='lat' dir='ltr'>quare</span> <span class='ocrx_word' id='word_1_126' title='bbox 1353 1252 1440 1298; x_wconf 85' lang='lat' dir='ltr'>ulla</span> <span class='ocrx_word' id='word_1_127' title='bbox 1456 1268 1557 1314; x_wconf 77' lang='lat' dir='ltr'>pars</span> 
     </span>
     <span class='ocr_line' id='line_1_17' title="bbox 269 1319 1558 1381; baseline 0.003 -15"><span class='ocrx_word' id='word_1_128' title='bbox 269 1331 410 1366; x_wconf 84' lang='lat' dir='ltr'>terrae</span> <span class='ocrx_word' id='word_1_129' title='bbox 429 1319 518 1381; x_wconf 70' lang='lat' dir='ltr'>fine</span> <span class='ocrx_word' id='word_1_130' title='bbox 539 1321 728 1368; x_wconf 84' lang='lat' dir='ltr'>humore</span> <span class='ocrx_word' id='word_1_131' title='bbox 747 1321 807 1368; x_wconf 82' lang='lat' dir='ltr'>est</span> <span class='ocrx_word' id='word_1_132' title='bbox 824 1355 838 1375; x_wconf 91' lang='lat'><strong>‚</strong></span> <span class='ocrx_word' id='word_1_133' title='bbox 857 1338 958 1368; x_wconf 89' lang='lat' dir='ltr'>cum</span> <span class='ocrx_word' id='word_1_134' title='bbox 989 1323 1136 1370; x_wconf 82' lang='lat' dir='ltr'>omnis</span> <span class='ocrx_word' id='word_1_135' title='bbox 1154 1325 1209 1370; x_wconf 84' lang='lat' dir='ltr'>ad</span> <span class='ocrx_word' id='word_1_136' title='bbox 1230 1324 1272 1371; x_wconf 90' lang='lat' dir='ltr'>se</span> <span class='ocrx_word' id='word_1_137' title='bbox 1299 1341 1353 1371; x_wconf 84' lang='lat' dir='ltr'>ex</span> <span class='ocrx_word' id='word_1_138' title='bbox 1380 1324 1472 1370; x_wconf 85' lang='lat' dir='ltr'>aliis</span> <span class='ocrx_word' id='word_1_139' title='bbox 1488 1341 1558 1370; x_wconf 55' lang='lat' dir='ltr'>reu</span> 
     </span>
     <span class='ocr_line' id='line_1_18' title="bbox 270 1390 1557 1458; baseline 0.004 -22"><span class='ocrx_word' id='word_1_140' title='bbox 270 1390 477 1454; x_wconf 82' lang='lat' dir='ltr'>gionibus</span> <span class='ocrx_word' id='word_1_141' title='bbox 493 1392 626 1439; x_wconf 77' lang='lat' dir='ltr'>trahit</span> <span class='ocrx_word' id='word_1_142' title='bbox 644 1408 654 1437; x_wconf 94' lang='lat'><strong>:</strong></span> <span class='ocrx_word' id='word_1_143' title='bbox 674 1409 821 1456; x_wconf 86' lang='lat' dir='ltr'>eoque</span> <span class='ocrx_word' id='word_1_144' title='bbox 845 1394 980 1458; x_wconf 86' lang='lat' dir='ltr'>magis</span> <span class='ocrx_word' id='word_1_145' title='bbox 993 1427 1008 1449; x_wconf 85' lang='lat'>‚</span> <span class='ocrx_word' id='word_1_146' title='bbox 1031 1410 1123 1457; x_wconf 87' lang='lat' dir='ltr'>quo</span> <span class='ocrx_word' id='word_1_147' title='bbox 1141 1395 1323 1442; x_wconf 58' lang='lat' dir='ltr'>calidior</span> <span class='ocrx_word' id='word_1_148' title='bbox 1339 1395 1434 1442; x_wconf 81' lang='lat' dir='ltr'>est?</span> <span class='ocrx_word' id='word_1_149' title='bbox 1455 1396 1557 1441; x_wconf 89' lang='lat' dir='ltr'>De-</span> 
     </span>
     <span class='ocr_line' id='line_1_19' title="bbox 271 1465 1560 1528; baseline 0.003 -18"><span class='ocrx_word' id='word_1_150' title='bbox 271 1465 375 1511; x_wconf 87' lang='lat' dir='ltr'>inde</span> <span class='ocrx_word' id='word_1_151' title='bbox 392 1482 528 1528; x_wconf 82' lang='lat' dir='ltr'>quare</span> <span class='ocrx_word' id='word_1_152' title='bbox 553 1465 683 1514; x_wconf 85' lang='lat' dir='ltr'>Nilus</span> <span class='ocrx_word' id='word_1_153' title='bbox 712 1467 853 1514; x_wconf 85' lang='lat' dir='ltr'>dulcis</span> <span class='ocrx_word' id='word_1_154' title='bbox 879 1468 969 1523; x_wconf 85' lang='lat' dir='ltr'>est,</span> <span class='ocrx_word' id='word_1_155' title='bbox 1000 1468 1030 1513; x_wconf 84' lang='lat' dir='ltr'>fi</span> <span class='ocrx_word' id='word_1_156' title='bbox 1054 1468 1116 1514; x_wconf 84' lang='lat' dir='ltr'>illi</span> <span class='ocrx_word' id='word_1_157' title='bbox 1133 1485 1157 1514; x_wconf 96' lang='lat' dir='ltr'>e</span> <span class='ocrx_word' id='word_1_158' title='bbox 1183 1469 1295 1514; x_wconf 85' lang='lat' dir='ltr'>mari</span> <span class='ocrx_word' id='word_1_159' title='bbox 1324 1469 1442 1514; x_wconf 87' lang='lat' dir='ltr'>unda</span> <span class='ocrx_word' id='word_1_160' title='bbox 1469 1467 1560 1515; x_wconf 77' lang='lat' dir='ltr'>est?</span> 
     </span>
     <span class='ocr_line' id='line_1_20' title="bbox 271 1538 1266 1604; baseline 0.001 -20"><span class='ocrx_word' id='word_1_161' title='bbox 271 1538 369 1584; x_wconf 88' lang='lat' dir='ltr'>Nec</span> <span class='ocrx_word' id='word_1_162' title='bbox 393 1539 513 1585; x_wconf 87' lang='lat' dir='ltr'>enim</span> <span class='ocrx_word' id='word_1_163' title='bbox 541 1539 617 1586; x_wconf 72' lang='lat' dir='ltr'>ulli</span> <span class='ocrx_word' id='word_1_164' title='bbox 644 1539 878 1586; x_wconf 86' lang='lat' dir='ltr'>fluminum</span> <span class='ocrx_word' id='word_1_165' title='bbox 908 1540 1081 1588; x_wconf 80' lang='lat' dir='ltr'>dulcior</span> <span class='ocrx_word' id='word_1_166' title='bbox 1107 1541 1266 1604; x_wconf 83' lang='lat' dir='ltr'>gustus.</span> 
     </span>
    </p>

    <p class='ocr_par' dir='ltr' id='par_1_3' title="bbox 267 1611 1567 2481">
     <span class='ocr_line' id='line_1_21' title="bbox 336 1611 1559 1668; baseline 0.002 -12"><span class='ocrx_word' id='word_1_167' title='bbox 336 1612 408 1657; x_wconf 85' lang='grc' dir='ltr'><strong>ΙΙΙ.</strong></span> <span class='ocrx_word' id='word_1_168' title='bbox 440 1611 713 1659; x_wconf 81' lang='lat' dir='ltr'>Grandinem</span> <span class='ocrx_word' id='word_1_169' title='bbox 733 1612 820 1658; x_wconf 81' lang='lat' dir='ltr'>hoc</span> <span class='ocrx_word' id='word_1_170' title='bbox 843 1613 985 1659; x_wconf 82' lang='lat' dir='ltr'>modo</span> <span class='ocrx_word' id='word_1_171' title='bbox 1011 1612 1133 1668; x_wconf 71' lang='lat' dir='ltr'>fieri,</span> <span class='ocrx_word' id='word_1_172' title='bbox 1155 1613 1182 1659; x_wconf 85' lang='lat' dir='ltr'><strong>fi</strong></span> <span class='ocrx_word' id='word_1_173' title='bbox 1210 1612 1288 1659; x_wconf 83' lang='lat' dir='ltr'>tibi</span> <span class='ocrx_word' id='word_1_174' title='bbox 1307 1612 1559 1660; x_wconf 79' lang='lat' dir='ltr'>affirmave-</span> 
     </span>
     <span class='ocr_line' id='line_1_22' title="bbox 271 1685 1560 1751; baseline 0.003 -19"><span class='ocrx_word' id='word_1_175' title='bbox 271 1700 348 1742; x_wconf 81' lang='lat' dir='ltr'>ro,</span> <span class='ocrx_word' id='word_1_176' title='bbox 368 1702 461 1748; x_wconf 86' lang='lat' dir='ltr'>quo</span> <span class='ocrx_word' id='word_1_177' title='bbox 485 1687 604 1748; x_wconf 81' lang='lat' dir='ltr'>apud</span> <span class='ocrx_word' id='word_1_178' title='bbox 627 1703 710 1734; x_wconf 83' lang='lat' dir='ltr'>nos</span> <span class='ocrx_word' id='word_1_179' title='bbox 723 1687 882 1751; x_wconf 69' lang='lat' dir='ltr'>glacies</span> <span class='ocrx_word' id='word_1_180' title='bbox 901 1685 950 1733; x_wconf 82' lang='lat' dir='ltr'>fit</span> <span class='ocrx_word' id='word_1_181' title='bbox 963 1724 976 1745; x_wconf 91' lang='lat'><strong><em>‚</em></strong></span> <span class='ocrx_word' id='word_1_182' title='bbox 996 1687 1135 1751; x_wconf 77' lang='lat' dir='ltr'>gelata</span> <span class='ocrx_word' id='word_1_183' title='bbox 1153 1688 1268 1735; x_wconf 89' lang='lat' dir='ltr'>nube</span> <span class='ocrx_word' id='word_1_184' title='bbox 1286 1700 1380 1734; x_wconf 88' lang='lat' dir='ltr'>tota</span> <span class='ocrx_word' id='word_1_185' title='bbox 1394 1720 1410 1743; x_wconf 87' lang='lat'>,</span> <span class='ocrx_word' id='word_1_186' title='bbox 1431 1687 1560 1736; x_wconf 84' lang='lat' dir='ltr'>nimis</span> 
     </span>
     <span class='ocr_line' id='line_1_23' title="bbox 272 1760 1560 1824; baseline 0.002 -19"><span class='ocrx_word' id='word_1_187' title='bbox 272 1760 483 1806; x_wconf 82' lang='lat' dir='ltr'>audacem</span> <span class='ocrx_word' id='word_1_188' title='bbox 507 1777 599 1807; x_wconf 87' lang='lat' dir='ltr'>rem</span> <span class='ocrx_word' id='word_1_189' title='bbox 629 1760 794 1807; x_wconf 86' lang='lat' dir='ltr'>fecero.</span> <span class='ocrx_word' id='word_1_190' title='bbox 821 1762 971 1824; x_wconf 85' lang='lat' dir='ltr'>Itaque</span> <span class='ocrx_word' id='word_1_191' title='bbox 999 1778 1053 1808; x_wconf 82' lang='lat' dir='ltr'>ex</span> <span class='ocrx_word' id='word_1_192' title='bbox 1079 1761 1145 1808; x_wconf 79' lang='lat' dir='ltr'>his</span> <span class='ocrx_word' id='word_1_193' title='bbox 1173 1778 1244 1808; x_wconf 90' lang='lat' dir='ltr'>me</span> <span class='ocrx_word' id='word_1_194' title='bbox 1271 1761 1447 1808; x_wconf 86' lang='lat' dir='ltr'>testibus</span> <span class='ocrx_word' id='word_1_195' title='bbox 1473 1779 1560 1808; x_wconf 81' lang='lat' dir='ltr'>nu-</span> 
     </span>
     <span class='ocr_line' id='line_1_24' title="bbox 273 1831 1559 1896; baseline -0.001 -17"><span class='ocrx_word' id='word_1_196' title='bbox 273 1848 394 1879; x_wconf 83' lang='lat' dir='ltr'>mera</span> <span class='ocrx_word' id='word_1_197' title='bbox 419 1831 631 1879; x_wconf 83' lang='lat' dir='ltr'>secundae</span> <span class='ocrx_word' id='word_1_198' title='bbox 649 1843 781 1879; x_wconf 85' lang='lat' dir='ltr'>notae</span> <span class='ocrx_word' id='word_1_199' title='bbox 796 1864 811 1886; x_wconf 93' lang='lat'>,</span> <span class='ocrx_word' id='word_1_200' title='bbox 833 1833 911 1894; x_wconf 83' lang='lat' dir='ltr'>qui</span> <span class='ocrx_word' id='word_1_201' title='bbox 930 1831 1084 1879; x_wconf 74' lang='lat' dir='ltr'>vidisse</span> <span class='ocrx_word' id='word_1_202' title='bbox 1112 1832 1292 1895; x_wconf 88' lang='lat' dir='ltr'>quidem</span> <span class='ocrx_word' id='word_1_203' title='bbox 1311 1832 1354 1880; x_wconf 92' lang='lat' dir='ltr'>se</span> <span class='ocrx_word' id='word_1_204' title='bbox 1374 1847 1559 1896; x_wconf 84' lang='lat' dir='ltr'>negant,</span> 
     </span>
     <span class='ocr_line' id='line_1_25' title="bbox 268 1903 1559 1967; baseline -0.001 -15"><span class='ocrx_word' id='word_1_205' title='bbox 268 1904 348 1952; x_wconf 31' lang='lat' dir='ltr'>*sed</span> <span class='ocrx_word' id='word_1_206' title='bbox 376 1904 550 1951; x_wconf 80' lang='lat' dir='ltr'>audiffe.</span> <span class='ocrx_word' id='word_1_207' title='bbox 580 1907 668 1950; x_wconf 86' lang='lat' dir='ltr'>Aut</span> <span class='ocrx_word' id='word_1_208' title='bbox 698 1905 822 1967; x_wconf 85' lang='lat' dir='ltr'>quod</span> <span class='ocrx_word' id='word_1_209' title='bbox 849 1903 1043 1951; x_wconf 69' lang='lat' dir='ltr'>historici</span> <span class='ocrx_word' id='word_1_210' title='bbox 1075 1903 1267 1959; x_wconf 80' lang='lat' dir='ltr'>faciunt,</span> <span class='ocrx_word' id='word_1_211' title='bbox 1303 1903 1458 1966; x_wconf 73' lang='lat' dir='ltr'>etipse</span> <span class='ocrx_word' id='word_1_212' title='bbox 1489 1905 1559 1951; x_wconf 81' lang='lat' dir='ltr'>fa-</span> 
     </span>
     <span class='ocr_line' id='line_1_26' title="bbox 267 1977 1567 2043; baseline -0.001 -17"><span class='ocrx_word' id='word_1_213' title='bbox 267 1978 402 2026; x_wconf 70' lang='lat' dir='ltr'>ciam.</span> <span class='ocrx_word' id='word_1_214' title='bbox 424 1977 488 2024; x_wconf 83' lang='lat' dir='ltr'>Illi</span> <span class='ocrx_word' id='word_1_215' title='bbox 508 1995 608 2025; x_wconf 91' lang='lat' dir='ltr'>cum</span> <span class='ocrx_word' id='word_1_216' title='bbox 629 1979 764 2025; x_wconf 84' lang='lat' dir='ltr'>multa</span> <span class='ocrx_word' id='word_1_217' title='bbox 781 1978 951 2025; x_wconf 83' lang='lat' dir='ltr'>mentiti</span> <span class='ocrx_word' id='word_1_218' title='bbox 979 1978 1146 2025; x_wconf 84' lang='lat' dir='ltr'>suntad</span> <span class='ocrx_word' id='word_1_219' title='bbox 1164 1977 1393 2025; x_wconf 83' lang='lat' dir='ltr'>arbitrium</span> <span class='ocrx_word' id='word_1_220' title='bbox 1412 1979 1532 2026; x_wconf 82' lang='lat' dir='ltr'>suum</span> <span class='ocrx_word' id='word_1_221' title='bbox 1547 2021 1567 2043; x_wconf 17' lang='lat' dir='ltr'>‚v</span> 
     </span>
     <span class='ocr_line' id='line_1_27' title="bbox 276 2050 1560 2115; baseline -0.001 -17"><span class='ocrx_word' id='word_1_222' title='bbox 276 2069 407 2099; x_wconf 81' lang='lat' dir='ltr'>unam</span> <span class='ocrx_word' id='word_1_223' title='bbox 432 2051 626 2115; x_wconf 79' lang='lat' dir='ltr'>aliquam</span> <span class='ocrx_word' id='word_1_224' title='bbox 653 2068 746 2097; x_wconf 87' lang='lat' dir='ltr'>rem</span> <span class='ocrx_word' id='word_1_225' title='bbox 772 2052 929 2098; x_wconf 85' lang='lat' dir='ltr'>nolunt</span> <span class='ocrx_word' id='word_1_226' title='bbox 950 2051 1196 2113; x_wconf 79' lang='lat' dir='ltr'>spondere:</span> <span class='ocrx_word' id='word_1_227' title='bbox 1227 2050 1298 2096; x_wconf 92' lang='lat' dir='ltr'>sed</span> <span class='ocrx_word' id='word_1_228' title='bbox 1318 2050 1560 2110; x_wconf 85' lang='lat' dir='ltr'>adiiciunt,</span> 
     </span>
     <span class='ocr_line' id='line_1_28' title="bbox 273 2123 1559 2189; baseline -0.001 -16"><span class='ocrx_word' id='word_1_229' title='bbox 273 2127 412 2173; x_wconf 87' lang='lat' dir='ltr'>Penes</span> <span class='ocrx_word' id='word_1_230' title='bbox 430 2126 630 2171; x_wconf 54' lang='lat' dir='ltr'>auetores</span> <span class='ocrx_word' id='word_1_231' title='bbox 650 2123 757 2171; x_wconf 79' lang='lat' dir='ltr'>fides</span> <span class='ocrx_word' id='word_1_232' title='bbox 777 2124 871 2171; x_wconf 88' lang='lat' dir='ltr'>erit.</span> <span class='ocrx_word' id='word_1_233' title='bbox 898 2127 1019 2189; x_wconf 82' lang='lat' dir='ltr'>Ergo</span> <span class='ocrx_word' id='word_1_234' title='bbox 1038 2124 1067 2170; x_wconf 85' lang='lat' dir='ltr'>fi</span> <span class='ocrx_word' id='word_1_235' title='bbox 1092 2123 1196 2169; x_wconf 81' lang='lat' dir='ltr'>mihi</span> <span class='ocrx_word' id='word_1_236' title='bbox 1215 2141 1368 2186; x_wconf 84' lang='lat' dir='ltr'>parum</span> <span class='ocrx_word' id='word_1_237' title='bbox 1388 2126 1528 2172; x_wconf 75' lang='lat' dir='ltr'>credis</span> <span class='ocrx_word' id='word_1_238' title='bbox 1543 2156 1559 2180; x_wconf 88' lang='lat'>,</span> 
     </span>
     <span class='ocr_line' id='line_1_29' title="bbox 274 2197 1563 2261; baseline -0.002 -14"><span class='ocrx_word' id='word_1_239' title='bbox 274 2200 536 2248; x_wconf 71' lang='lat' dir='ltr'>Posidonius</span> <span class='ocrx_word' id='word_1_240' title='bbox 567 2199 647 2246; x_wconf 87' lang='lat' dir='ltr'>tibi</span> <span class='ocrx_word' id='word_1_241' title='bbox 677 2199 978 2246; x_wconf 67' lang='lat' dir='ltr'>austeritatem</span> <span class='ocrx_word' id='word_1_242' title='bbox 1013 2197 1274 2261; x_wconf 85' lang='lat' dir='ltr'>promittet,</span> <span class='ocrx_word' id='word_1_243' title='bbox 1300 2211 1387 2244; x_wconf 82' lang='lat' dir='ltr'>tam</span> <span class='ocrx_word' id='word_1_244' title='bbox 1415 2198 1460 2244; x_wconf 87' lang='lat' dir='ltr'>in</span> <span class='ocrx_word' id='word_1_245' title='bbox 1480 2198 1563 2244; x_wconf 77' lang='lat' dir='ltr'>illo</span> 
     </span>
     <span class='ocr_line' id='line_1_30' title="bbox 277 2271 1560 2336; baseline -0.002 -17"><span class='ocrx_word' id='word_1_246' title='bbox 277 2275 401 2336; x_wconf 81' lang='lat' dir='ltr'>quod</span> <span class='ocrx_word' id='word_1_247' title='bbox 427 2272 673 2334; x_wconf 81' lang='lat' dir='ltr'>praeteriit,</span> <span class='ocrx_word' id='word_1_248' title='bbox 701 2289 832 2336; x_wconf 85' lang='lat' dir='ltr'>quam</span> <span class='ocrx_word' id='word_1_249' title='bbox 868 2272 911 2318; x_wconf 90' lang='lat' dir='ltr'>in</span> <span class='ocrx_word' id='word_1_250' title='bbox 940 2273 1027 2318; x_wconf 81' lang='lat' dir='ltr'>hoc</span> <span class='ocrx_word' id='word_1_251' title='bbox 1061 2271 1183 2335; x_wconf 86' lang='lat' dir='ltr'>quod</span> <span class='ocrx_word' id='word_1_252' title='bbox 1215 2271 1458 2318; x_wconf 85' lang='lat' dir='ltr'>secuturum</span> <span class='ocrx_word' id='word_1_253' title='bbox 1486 2271 1560 2317; x_wconf 71' lang='lat' dir='ltr'>est,</span> 
     </span>
     <span class='ocr_line' id='line_1_31' title="bbox 277 2343 1563 2407; baseline -0.004 -15"><span class='ocrx_word' id='word_1_254' title='bbox 277 2344 550 2392; x_wconf 81' lang='lat' dir='ltr'>Grandinem</span> <span class='ocrx_word' id='word_1_255' title='bbox 577 2344 695 2392; x_wconf 88' lang='lat' dir='ltr'>enim</span> <span class='ocrx_word' id='word_1_256' title='bbox 717 2344 810 2390; x_wconf 86' lang='lat' dir='ltr'>fieri</span> <span class='ocrx_word' id='word_1_257' title='bbox 832 2361 887 2390; x_wconf 79' lang='lat' dir='ltr'>ex</span> <span class='ocrx_word' id='word_1_258' title='bbox 908 2344 1022 2391; x_wconf 87' lang='lat' dir='ltr'>nube</span> <span class='ocrx_word' id='word_1_259' title='bbox 1043 2343 1234 2407; x_wconf 83' lang='lat' dir='ltr'>aquosa,</span> <span class='ocrx_word' id='word_1_260' title='bbox 1264 2343 1395 2390; x_wconf 87' lang='lat' dir='ltr'>etiam</span> <span class='ocrx_word' id='word_1_261' title='bbox 1417 2343 1462 2388; x_wconf 79' lang='lat' dir='ltr'>in</span> <span class='ocrx_word' id='word_1_262' title='bbox 1477 2343 1563 2388; x_wconf 81' lang='lat' dir='ltr'>hu-</span> 
     </span>
     <span class='ocr_line' id='line_1_32' title="bbox 281 2414 1564 2481; baseline -0.002 -17"><span class='ocrx_word' id='word_1_263' title='bbox 281 2433 455 2464; x_wconf 74' lang='lat' dir='ltr'>morem</span> <span class='ocrx_word' id='word_1_264' title='bbox 496 2416 653 2476; x_wconf 84' lang='lat' dir='ltr'>versa,</span> <span class='ocrx_word' id='word_1_265' title='bbox 683 2417 740 2465; x_wconf 74' lang='lat' dir='ltr'>sic</span> <span class='ocrx_word' id='word_1_266' title='bbox 772 2417 1034 2476; x_wconf 82' lang='lat' dir='ltr'>affirmabit,</span> <span class='ocrx_word' id='word_1_267' title='bbox 1067 2428 1273 2481; x_wconf 78' lang='lat' dir='ltr'>tanquam</span> <span class='ocrx_word' id='word_1_268' title='bbox 1308 2414 1564 2463; x_wconf 76' lang='lat' dir='ltr'>interfuerit,</span> 
     </span>
    </p>
   </div>
  </div>
 </body>
</html>
