1730 2870
391 62 651 114 NATUR.
699 59 1000 124 QUAEST.
1047 61 1267 111 Lisssvi.
1382 82 1472 129 337

199 183 351 219 rentur
370 205 386 228 ,
422 187 505 217 nec
535 169 773 233 quidquam
811 168 939 215 inane
976 168 1241 217 intervenire
1273 182 1480 232 poterat,

200 261 301 290 cum
327 242 466 290 solido
486 241 701 304 liquidum
724 257 775 287 ac
794 240 924 287 molle
953 241 1119 304 semper
1138 242 1377 291 accederet.
1397 245 1482 291 Sed

198 326 406 361 movetur
428 324 472 374 et
484 314 712 376 Aegyptus
729 324 771 359 et
786 311 951 372 Delos,
979 329 1112 376 quam
1143 313 1354 377 Virgilius
1373 312 1482 362 stare

199 385 313 434 iuffit
340 403 352 432 ε

293 491 592 553 Immotamque
611 491 689 538 coli
705 489 837 549 dedit,
861 490 904 541 θ’
935 505 1178 542 contemnere
1197 509 1353 545 vento&

198 594 325 645 Hanc
354 597 602 661 philosophi
635 611 818 662 quoque
836 635 850 659 ,
885 601 1058 648 credula
1087 603 1208 650 natio
1226 641 1236 658 ,
1276 604 1476 652 dixerunt

197 688 287 718 non
302 670 504 729 moveri,
529 672 704 719 auclore
727 672 928 720 Pindaro.
946 674 1237 738 Thucydides
1253 677 1311 723 ait
1324 713 1337 734 ,
1357 689 1482 725 antea

195 743 371 807 quidem
392 743 621 789 immotam
639 742 768 791 fuisse
785 780 798 803 ,
829 740 902 793 sed
919 745 1031 795 circa
1062 748 1481 811 Peloponnesiacum

195 817 354 863 bellum
376 813 604 863 tremuisse.
626 817 905 866 Callisthenes
923 830 967 866 et
985 818 1073 865 alio
1093 831 1292 884 tempore
1312 822 1369 868 ait
1390 824 1478 869 hoc

196 889 393 937 accidisse
411 908 421 936 ε
443 893 557 936 Inter
579 890 737 948 multa,
765 891 909 954 inquit
923 922 937 947 ‚
959 891 1161 956 prodigia
1183 929 1196 951 ‚
1225 888 1386 957 quibus
1402 896 1480 943 de-

197 965 387 1012 nuntiata
407 961 467 1010 est
487 964 668 1010 duarum
698 964 872 1012 urbium
897 966 1069 1014 Helices
1085 980 1127 1014 et
1145 968 1269 1014 Buris
1289 968 1481 1029 eversio,

194 1038 319 1087 fuere
353 1038 541 1084 maxime
574 1038 783 1084 notabilia
813 1039 1016 1086 columna
1041 1039 1152 1104 ignis
1180 1041 1404 1100 immensi,
1435 1055 1481 1090 et

194 1112 338 1158 Delos
363 1111 532 1173 agitata.
564 1111 712 1170 Quam
734 1110 836 1158 ideo
856 1111 1048 1159 stabilem
1068 1114 1208 1162 videri
1226 1110 1348 1171 vult,
1375 1116 1478 1179 quia

194 1184 305 1231 mari
324 1182 523 1246 imposita
533 1218 550 1240 ,
577 1183 733 1230 habeat
751 1201 967 1252 concavas
984 1202 1111 1249 rupes
1125 1194 1167 1234 et
1186 1186 1284 1233 saxa
1302 1186 1451 1250 pervia
1465 1220 1479 1245 ‚

191 1274 304 1320 quae
327 1257 431 1302 dent
460 1254 731 1316 deprehenso
756 1255 847 1301 a'e‘ri
879 1255 1083 1302 reditum.
1118 1258 1194 1303 Ob
1223 1258 1310 1304 hoc
1344 1257 1478 1306 etiam

192 1330 348 1377 insulas
365 1327 447 1375 effe
473 1326 673 1373 certioris
688 1326 794 1384 soli,
819 1327 1034 1391 urbesque
1062 1345 1118 1376 eo
1140 1330 1322 1378 tutiores
1340 1366 1352 1387 ‚
1382 1348 1478 1394 quo

192 1402 373 1467 propius
404 1401 459 1447 ad
479 1416 596 1447 mare
621 1400 900 1447 accesserunt.
924 1401 1037 1448 Falsa
1062 1401 1167 1449 haec
1190 1402 1274 1448 esse
1296 1439 1309 1460 ‚
1339 1405 1476 1450 Pom-

193 1477 282 1541 peii
303 1488 344 1522 et
362 1474 682 1522 Herculaneum
704 1473 883 1521 sensere.
902 1475 1058 1522 Adiice
1077 1493 1216 1530 nunc,
1235 1478 1357 1539 quod
1375 1494 1476 1524 om-

194 1550 261 1597 nis
289 1565 366 1595 ora
398 1546 528 1594 maris
554 1545 750 1592 obnoxia
770 1546 831 1592 est
851 1547 1059 1595 motibus.
1084 1549 1154 1595 Sic
1188 1550 1359 1611 Paphos
1379 1567 1474 1598 non

191 1623 322 1673 semel
338 1621 506 1670 corruit
528 1639 537 1666 :
566 1620 623 1667 fic
642 1620 801 1667 nobilis
820 1633 863 1667 et
885 1620 987 1667 huic
1008 1620 1092 1666 iam
1114 1621 1334 1670 familiaris
1354 1623 1472 1670 malo

190 1694 437 1758 Nicopolis.
466 1694 672 1758 Cyprum
691 1692 829 1740 ambit
852 1690 988 1740 altum
1018 1711 1136 1742 mare
1155 1727 1169 1750 ‚
1198 1708 1241 1742 et
1273 1697 1480 1761 agitatur·
1520 1742 1522 1745 ,

190 1769 345 1832 Tyros
364 1781 407 1813 et
422 1766 513 1828 ipsa
531 1779 622 1813 tam
643 1777 873 1826 movetur,
901 1785 1033 1830 quam
1053 1766 1240 1816 diluitun
1262 1771 1357 1818 Hae
1375 1770 1477 1818 fere*

190 1840 339 1888 causae
362 1839 631 1896 redduntur,
653 1851 836 1902 propter
865 1856 971 1902 quas
996 1841 1144 1887 tremit
1166 1853 1291 1889 terra.

256 1914 450 1961 XXVII.
468 1911 695 1972 Quaedam
713 1925 860 1960 tamen
879 1913 1058 1977 propria
1072 1914 1116 1960 in
1135 1915 1220 1962 hoc
1240 1916 1473 1978 Campano

190 2001 318 2034 motu
352 1984 553 2032 accidisse
583 1998 840 2041 narrantur,
879 2002 1069 2048 quorum
1107 1989 1220 2033 ratio
1250 1990 1472 2035 reddenda
1518 2023 1522 2025 >

191 2059 264 2106 est.
293 2058 428 2105 Aiunt
456 2057 572 2104 enim
600 2057 903 2105 sexcentarum
931 2058 1084 2106 ovium
1113 2076 1289 2124 gregem
1317 2062 1473 2107 exani-

191 2144 356 2178 matum
392 2129 437 2176 in
468 2129 736 2192 Pompeiana
762 2130 956 2194 regione.
990 2132 1096 2177 Non
1134 2133 1195 2178 est
1219 2149 1354 2196 quare
1382 2134 1473 2181 hoc·

192 2216 317 2268 putes
349 2203 510 2251 ovibus
540 2202 622 2250 illis
651 2203 812 2250 timore
841 2203 1057 2250 accidisse.
1089 2205 1297 2252 Diximus
1333 2206 1470 2254 solere

192 2276 289 2340 post
312 2292 492 2339 magnos
521 2290 733 2323 terrarum
762 2289 908 2322 motus
934 2276 1215 2338 pestilentiam
1237 2276 1345 2325 fieri.
1374 2280 1471 2327 Neo

190 2350 235 2398 id
266 2349 427 2395 mirum
456 2348 551 2396 est:
580 2349 714 2395 multa
744 2348 859 2394 enim
888 2348 1113 2398 mortifera
1143 2349 1188 2396 in
1211 2350 1298 2398 alto
1326 2351 1457 2399 latent

254 2425 303 2472 L.
328 2425 449 2470 Asw.
477 2427 645 2488 Seneca.
680 2423 774 2469 Vol.
798 2423 823 2467 Ι
827 2425 872 2468 V
872 2452 886 2469 0
1162 2421 1205 2469 Y
