1730 2870
795 0 806 32 ἱ

235 116 327 165 266
463 118 513 164 L.
555 115 859 162 ANNAEI
898 113 1255 161 SENECAE

235 234 383 270 menta
413 222 550 269 feriet.
585 222 707 268 Alius
733 220 981 269 adulatione
1008 222 1117 270 clam
1147 233 1291 270 utetur
1307 257 1322 281 ,
1349 239 1479 288 parce
1496 240 1514 271 t

235 296 343 343 alius
375 312 430 342 ex
453 310 638 358 aperto,
677 294 818 356 palam
836 329 850 352 ‚
883 293 1113 342 rusticitate
1145 295 1335 342 simulata
1355 332 1370 352 ‚
1397 295 1517 358 quast

233 367 480 429 fimplicitas
506 366 601 422 illa,
619 381 710 411 non
729 382 795 412 ars
814 365 873 412 fit.
903 365 1081 413 Plancus
1106 366 1261 413 artifex
1286 380 1383 414 ante
1404 367 1515 415 Vel·
1569 414 1573 423 ,

235 439 366 485 leium
399 437 640 494 maximus,
671 437 812 485 aiebat
846 454 938 483 non
983 437 1070 484 effe
1111 439 1302 498 occulte,
1341 456 1422 487 nec
1463 456 1517 487 ex

239 511 505 558 diffimulato
533 510 860 556 blandiendum.
889 509 1029 567 Perit,
1055 509 1222 572 inquit,
1250 512 1421 573 procari
1438 544 1452 568 ,
1485 511 1517 558 fi

237 585 353 631 latet.
379 583 620 629 Plurimum
647 583 845 630 adulator
867 598 968 628 cum
988 581 1280 644 deprehensus
1300 583 1384 638 est,
1406 600 1517 645 pro-

236 655 326 702 ficit
346 673 356 700 :
377 655 473 717 plus
492 653 726 700 etiamnum
748 653 779 698 fi
799 652 1052 716 obiurgatus
1070 651 1154 711 est,
1179 651 1208 697 fi
1226 654 1410 701 erubuit.
1429 658 1459 700 F
1464 672 1515 701 u-

235 744 358 774 turos
384 728 543 774 multos
570 727 615 772 in
642 726 826 788 persona
853 738 925 771 tua
953 725 1134 773 Plancos
1152 726 1301 789 cogita
1326 744 1338 773 :
1371 738 1413 773 et
1430 728 1518 776 hoc

239 818 330 848 non
346 800 430 848 effe
447 800 692 847 remedium
721 799 826 847 tanti
847 798 970 855 mali,
989 800 1106 845 nolle
1129 800 1305 845 laudari.
1341 800 1520 863 Crispus

235 873 454 921 Paffienus
471 906 485 928 ‚
504 889 597 934 quo
617 889 701 936 ego
724 872 782 917 nil
807 872 1005 935 cognovi
1035 871 1233 920 subtilius
1252 873 1296 919 in
1316 874 1520 921 omnibus

234 945 395 1004 rebus,
427 945 617 992 maxime
647 946 693 991 in
722 944 1036 1008 distinguendis
1065 960 1108 992 et
1139 946 1342 993 curandis
1376 936 1524 1006 vitiis,

236 1021 362 1082 saepe
391 1019 587 1074 dicebat,
616 1019 855 1066 adulationi
890 1035 972 1066 nos
1000 1035 1252 1082 opponere,
1285 1037 1376 1067 non
1407 1021 1522 1068 clau-

235 1093 338 1141 dere
360 1092 534 1140 ostium.
561 1094 613 1138 Et
630 1091 808 1155 quidem
831 1091 888 1140 fic
904 1127 918 1149 ‚
945 1094 1326 1154 quemadmodum
1353 1094 1525 1159 opponi

239 1166 405 1213 amicae
430 1166 550 1212 solet.
580 1167 707 1225 Quae
731 1165 760 1210 fi
782 1164 978 1228 impulit,
1014 1178 1132 1228 grata
1157 1165 1248 1212 est:
1272 1168 1464 1230 gratior,
1490 1165 1525 1225 fi

239 1238 423 1302 effregit.
447 1238 729 1285 Demetrium
758 1238 982 1301 egregium
1006 1238 1155 1284 virum
1181 1240 1361 1285 memini
1381 1240 1525 1286 dicere

239 1312 416 1360 cuidam
437 1310 644 1358 libertino
663 1311 833 1373 potenti
847 1346 863 1366 ‚¹
878 1310 1054 1357 facilem
1075 1310 1150 1357 sibi
1171 1312 1257 1358 effe
1276 1312 1330 1358 ad
1350 1311 1525 1358 divitias

238 1384 358 1432 viam
375 1420 388 1443 ‚
413 1399 506 1448 quo
528 1383 597 1430 die
625 1382 905 1446 poenituisset
923 1374 1065 1429 bonae
1084 1383 1260 1430 mentis..
1291 1384 1386 1430 Nec
1405 1382 1526 1429 invi-

239 1459 387 1516 debe,
425 1457 596 1521 inquit,
623 1457 758 1506 vobis
793 1448 906 1504 hanc
933 1469 1100 1512 artem,
1137 1456 1210 1503 sed
1246 1457 1419 1503 docebo
1448 1472 1527 1502 eos

240 1533 397 1597 quibus
423 1531 618 1595 quaesito
652 1547 765 1594 opus
790 1529 850 1577 est
867 1566 880 1588 ,
917 1529 1293 1592 quemadmodum
1323 1546 1411 1575 non
1439 1528 1525 1574 du-

239 1606 355 1652 biam
383 1605 603 1652 fortunam
631 1603 763 1649 maris
777 1638 789 1659 ‚
809 1619 900 1648 non
919 1603 1093 1649 emendi
1116 1602 1425 1663 vendendique
1443 1602 1528 1648 ale·

239 1695 310 1727 am
335 1678 515 1724 subeant
530 1707 547 1731 9
576 1691 668 1722 non
684 1674 893 1720 incertam
917 1673 1049 1721 fidem
1072 1674 1186 1721 ruris
1201 1709 1214 1728 ‚
1243 1672 1526 1720 incertiorem

239 1749 331 1797 fori
357 1761 554 1807 tentent,
579 1747 958 1811 quemadmodum
993 1763 1083 1793 non
1112 1745 1252 1792 solum
1280 1744 1424 1802 facili,
1455 1744 1529 1791 sed

241 1824 372 1871 etiam
393 1823 519 1870 hilari
539 1823 611 1872 via
634 1821 864 1885 pecuniam
888 1820 1074 1876 faciant,
1106 1818 1427 1883 gaudentesque
1455 1817 1526 1862 di-

242 1898 444 1962 spolient.
471 1899 564 1954 Te,
587 1896 755 1959 inquit,
788 1894 1036 1958 longiorem
1069 1893 1176 1938 Fido
1198 1893 1383 1937 Annaeo
1407 1890 1526 1936 iura-

243 1971 332 2028 bo,
367 1982 410 2017 et
439 1969 683 2032 Apollonio
710 1969 875 2031 Pycta,
905 1965 1104 2030 quamvis
1134 1964 1336 2010 staturam
1372 1962 1528 2011 habeas

243 2044 429 2092 Threcis
460 2060 560 2090 cum
590 2042 763 2088 Threce
799 2039 1046 2103 compositi.
1074 2038 1313 2085 Hominem
1348 2034 1527 2099 quidem

244 2134 337 2164 non
355 2116 437 2163 effe
458 2116 593 2162 ullum
620 2113 912 2160 liberaliorem
927 2147 940 2167 ,
961 2128 1051 2157 non
1068 2110 1252 2157 mentiar
1268 2145 1280 2165 ‚
1299 2124 1398 2154 cum
1421 2106 1527 2168 pos-

244 2190 297 2237 fis
315 2187 455 2236 videri
474 2186 680 2234 omnibus
699 2184 876 2231 donasse
893 2221 906 2240 ‚
926 2182 1144 2246 quidquid
1162 2179 1443 2244 dereliquisti.
1465 2181 1527 2227 Ita

246 2263 334 2321 est,
362 2263 422 2309 mi
443 2263 620 2317 Iunior,
648 2277 740 2324 quo
762 2259 954 2322 apertior
975 2257 1035 2304 est
1063 2255 1286 2312 adulatio,
1316 2269 1408 2317 quo
1436 2252 1526 2297 im-

245 2336 435 2400 probior
448 2367 462 2391 ,
480 2351 571 2399 quo
590 2333 725 2398 magis
743 2333 937 2379 frontem
958 2331 1073 2379 suam
1096 2327 1348 2391 perfricuit,
1370 2324 1527 2372 cecidit

248 2409 461 2471 alienam,
490 2410 577 2458 hoc
598 2408 726 2458 citius
751 2416 984 2471 expugnat.
1005 2405 1074 2453 Eo
1092 2402 1214 2451 enim
1236 2400 1322 2448 iam
1346 2398 1526 2450 dentien-¹
