<?xml version="1.0" encoding="UTF-8"?>
<!DOCTYPE html PUBLIC "-//W3C//DTD XHTML 1.0 Transitional//EN"
    "http://www.w3.org/TR/xhtml1/DTD/xhtml1-transitional.dtd">
<html xmlns="http://www.w3.org/1999/xhtml" xml:lang="en" lang="en">
 <head>
  <title>
</title>
<meta http-equiv="Content-Type" content="text/html;charset=utf-8" />
  <meta name='ocr-system' content='tesseract 3.04.00' />
  <meta name='ocr-capabilities' content='ocr_page ocr_carea ocr_par ocr_line ocrx_word'/>
</head>
<body>
  <div class='ocr_page' id='page_1' title='image "./lannaeisenecaeph04seneuoft_0216.png"; bbox 0 0 1730 2870; ppageno 0'>
   <div class='ocr_carea' id='block_1_1' title="bbox 256 122 1304 174">
    <p class='ocr_par' dir='ltr' id='par_1_1' title="bbox 256 122 1304 174">
     <span class='ocr_line' id='line_1_1' title="bbox 256 122 1304 174; baseline -0.001 -3"><span class='ocrx_word' id='word_1_1' title='bbox 256 140 349 172; x_wconf 84' lang='lat'><strong>210</strong></span> <span class='ocrx_word' id='word_1_2' title='bbox 479 127 530 174; x_wconf 82' lang='lat' dir='ltr'><strong>L.</strong></span> <span class='ocrx_word' id='word_1_3' title='bbox 582 124 890 172; x_wconf 80' lang='lat' dir='ltr'>ANNAEI</span> <span class='ocrx_word' id='word_1_4' title='bbox 938 122 1304 171; x_wconf 85' lang='lat' dir='ltr'><strong>SENECAE</strong></span> 
     </span>
    </p>
   </div>
   <div class='ocr_carea' id='block_1_2' title="bbox 234 228 1530 2476">
    <p class='ocr_par' dir='ltr' id='par_1_2' title="bbox 234 228 1530 2476">
     <span class='ocr_line' id='line_1_2' title="bbox 252 228 1481 296; baseline -0.002 -17"><span class='ocrx_word' id='word_1_5' title='bbox 252 231 463 296; x_wconf 76' lang='lat' dir='ltr'><strong>promissa</strong></span> <span class='ocrx_word' id='word_1_6' title='bbox 489 230 686 279; x_wconf 85' lang='lat' dir='ltr'><strong>firment:</strong></span> <span class='ocrx_word' id='word_1_7' title='bbox 711 230 965 295; x_wconf 85' lang='lat' dir='ltr'><strong>deprecari,</strong></span> <span class='ocrx_word' id='word_1_8' title='bbox 1001 247 1048 278; x_wconf 84' lang='lat' dir='ltr'><strong>ut</strong></span> <span class='ocrx_word' id='word_1_9' title='bbox 1083 231 1304 278; x_wconf 79' lang='lat' dir='ltr'>remittant</span> <span class='ocrx_word' id='word_1_10' title='bbox 1329 228 1481 278; x_wconf 84' lang='lat' dir='ltr'><strong>minas.</strong></span> 
     </span>
     <span class='ocr_line' id='line_1_3' title="bbox 317 303 1527 353; baseline -0.002 0"><span class='ocrx_word' id='word_1_11' title='bbox 317 305 540 353; x_wconf 92' lang='lat' dir='ltr'>XXXIV.</span> <span class='ocrx_word' id='word_1_12' title='bbox 566 307 789 351; x_wconf 81' lang='lat' dir='ltr'><strong>Summam</strong></span> <span class='ocrx_word' id='word_1_13' title='bbox 819 304 904 350; x_wconf 82' lang='lat' dir='ltr'><strong>effe</strong></span> <span class='ocrx_word' id='word_1_14' title='bbox 933 303 1025 351; x_wconf 91' lang='lat' dir='ltr'><strong>vim</strong></span> <span class='ocrx_word' id='word_1_15' title='bbox 1060 304 1291 351; x_wconf 84' lang='lat' dir='ltr'><strong>fulminum</strong></span> <span class='ocrx_word' id='word_1_16' title='bbox 1313 304 1527 351; x_wconf 87' lang='lat' dir='ltr'><strong>iudicant:</strong></span> 
     </span>
     <span class='ocr_line' id='line_1_4' title="bbox 250 369 1530 442; baseline -0.002 -18"><span class='ocrx_word' id='word_1_17' title='bbox 250 378 353 442; x_wconf 86' lang='lat' dir='ltr'><strong>quia</strong></span> <span class='ocrx_word' id='word_1_18' title='bbox 370 377 587 439; x_wconf 90' lang='lat' dir='ltr'><strong>quidquid</strong></span> <span class='ocrx_word' id='word_1_19' title='bbox 616 376 695 421; x_wconf 87' lang='lat' dir='ltr'><strong>alia</strong></span> <span class='ocrx_word' id='word_1_20' title='bbox 722 369 1018 437; x_wconf 83' lang='lat' dir='ltr'><strong>portendunt,</strong></span> <span class='ocrx_word' id='word_1_21' title='bbox 1045 374 1318 422; x_wconf 85' lang='lat' dir='ltr'><strong>interventus</strong></span> <span class='ocrx_word' id='word_1_22' title='bbox 1337 374 1530 421; x_wconf 79' lang='lat' dir='ltr'><strong>fulminis</strong></span> 
     </span>
     <span class='ocr_line' id='line_1_5' title="bbox 250 446 1527 512; baseline -0.003 -14"><span class='ocrx_word' id='word_1_23' title='bbox 250 452 378 498; x_wconf 76' lang='lat' dir='ltr'><strong>tollit.</strong></span> <span class='ocrx_word' id='word_1_24' title='bbox 404 448 636 512; x_wconf 81' lang='lat' dir='ltr'><strong>Quidquid</strong></span> <span class='ocrx_word' id='word_1_25' title='bbox 664 449 717 494; x_wconf 87' lang='lat' dir='ltr'><strong>ab</strong></span> <span class='ocrx_word' id='word_1_26' title='bbox 734 449 822 494; x_wconf 91' lang='lat' dir='ltr'><strong>hoc</strong></span> <span class='ocrx_word' id='word_1_27' title='bbox 850 446 1126 509; x_wconf 87' lang='lat' dir='ltr'><strong>portenditur</strong></span> <span class='ocrx_word' id='word_1_28' title='bbox 1143 483 1158 504; x_wconf 87' lang='lat'>,</span> <span class='ocrx_word' id='word_1_29' title='bbox 1182 446 1319 494; x_wconf 84' lang='lat' dir='ltr'><strong>fixum</strong></span> <span class='ocrx_word' id='word_1_30' title='bbox 1338 447 1399 495; x_wconf 83' lang='lat' dir='ltr'><strong>est</strong></span> <span class='ocrx_word' id='word_1_31' title='bbox 1413 482 1426 504; x_wconf 85' lang='lat'>‚</span> <span class='ocrx_word' id='word_1_32' title='bbox 1446 463 1527 494; x_wconf 89' lang='lat' dir='ltr'><strong>nec</strong></span> 
     </span>
     <span class='ocr_line' id='line_1_6' title="bbox 248 519 1528 584; baseline -0.005 -13"><span class='ocrx_word' id='word_1_33' title='bbox 248 523 427 571; x_wconf 72' lang='lat' dir='ltr'><strong>alterius</strong></span> <span class='ocrx_word' id='word_1_34' title='bbox 460 522 618 569; x_wconf 83' lang='lat' dir='ltr'><strong>ostenti</strong></span> <span class='ocrx_word' id='word_1_35' title='bbox 655 520 970 584; x_wconf 73' lang='lat' dir='ltr'><strong>significatione</strong></span> <span class='ocrx_word' id='word_1_36' title='bbox 1017 519 1240 565; x_wconf 79' lang='lat' dir='ltr'><strong>minuitur,</strong></span> <span class='ocrx_word' id='word_1_37' title='bbox 1295 519 1528 582; x_wconf 85' lang='lat' dir='ltr'><strong>Quidquid</strong></span> 
     </span>
     <span class='ocr_line' id='line_1_7' title="bbox 247 590 1529 657; baseline -0.003 -15"><span class='ocrx_word' id='word_1_38' title='bbox 247 610 377 650; x_wconf 85' lang='lat' dir='ltr'><strong>exta,</strong></span> <span class='ocrx_word' id='word_1_39' title='bbox 404 593 619 657; x_wconf 88' lang='lat' dir='ltr'><strong>quidquid</strong></span> <span class='ocrx_word' id='word_1_40' title='bbox 647 609 752 639; x_wconf 86' lang='lat' dir='ltr'><strong>aves</strong></span> <span class='ocrx_word' id='word_1_41' title='bbox 785 592 1092 649; x_wconf 79' lang='lat' dir='ltr'><strong>minabuntur,</strong></span> <span class='ocrx_word' id='word_1_42' title='bbox 1125 590 1316 637; x_wconf 90' lang='lat' dir='ltr'><strong>secundo</strong></span> <span class='ocrx_word' id='word_1_43' title='bbox 1345 591 1529 639; x_wconf 87' lang='lat' dir='ltr'><strong>fulmine</strong></span> 
     </span>
     <span class='ocr_line' id='line_1_8' title="bbox 247 664 1530 727; baseline -0.002 -13"><span class='ocrx_word' id='word_1_44' title='bbox 247 667 510 714; x_wconf 75' lang='lat' dir='ltr'><strong>abolebitur.</strong></span> <span class='ocrx_word' id='word_1_45' title='bbox 543 664 770 727; x_wconf 83' lang='lat' dir='ltr'><strong>Quidquid</strong></span> <span class='ocrx_word' id='word_1_46' title='bbox 801 664 982 710; x_wconf 83' lang='lat' dir='ltr'><strong>fulmine</strong></span> <span class='ocrx_word' id='word_1_47' title='bbox 1012 664 1313 710; x_wconf 85' lang='lat' dir='ltr'><strong>denuntiatum</strong></span> <span class='ocrx_word' id='word_1_48' title='bbox 1330 665 1391 711; x_wconf 91' lang='lat' dir='ltr'><strong>est</strong></span> <span class='ocrx_word' id='word_1_49' title='bbox 1410 698 1424 721; x_wconf 87' lang='lat'>‚</span> <span class='ocrx_word' id='word_1_50' title='bbox 1448 682 1530 712; x_wconf 87' lang='lat' dir='ltr'><strong>nec</strong></span> 
     </span>
     <span class='ocr_line' id='line_1_9' title="bbox 247 735 1530 798; baseline -0.002 -12"><span class='ocrx_word' id='word_1_51' title='bbox 247 740 385 797; x_wconf 84' lang='lat' dir='ltr'><strong>extis,</strong></span> <span class='ocrx_word' id='word_1_52' title='bbox 418 757 499 787; x_wconf 89' lang='lat' dir='ltr'><strong>nec</strong></span> <span class='ocrx_word' id='word_1_53' title='bbox 529 756 612 785; x_wconf 85' lang='lat' dir='ltr'><strong>ave</strong></span> <span class='ocrx_word' id='word_1_54' title='bbox 631 736 846 785; x_wconf 83' lang='lat' dir='ltr'><strong>contraria</strong></span> <span class='ocrx_word' id='word_1_55' title='bbox 865 735 1085 782; x_wconf 80' lang='lat' dir='ltr'><strong>refellitur.</strong></span> <span class='ocrx_word' id='word_1_56' title='bbox 1115 737 1163 781; x_wconf 90' lang='lat' dir='ltr'><strong>In</strong></span> <span class='ocrx_word' id='word_1_57' title='bbox 1192 753 1284 798; x_wconf 89' lang='lat' dir='ltr'><strong>quo</strong></span> <span class='ocrx_word' id='word_1_58' title='bbox 1308 737 1415 783; x_wconf 85' lang='lat' dir='ltr'><strong>mihi</strong></span> <span class='ocrx_word' id='word_1_59' title='bbox 1441 737 1530 784; x_wconf 86' lang='lat' dir='ltr'><strong>falli</strong></span> 
     </span>
     <span class='ocr_line' id='line_1_10' title="bbox 247 808 1527 874; baseline -0.002 -14"><span class='ocrx_word' id='word_1_60' title='bbox 247 813 471 860; x_wconf 87' lang='lat' dir='ltr'><strong>videntur.</strong></span> <span class='ocrx_word' id='word_1_61' title='bbox 490 812 671 872; x_wconf 83' lang='lat' dir='ltr'><strong>Quare?</strong></span> <span class='ocrx_word' id='word_1_62' title='bbox 692 810 794 874; x_wconf 88' lang='lat' dir='ltr'><strong>quia</strong></span> <span class='ocrx_word' id='word_1_63' title='bbox 812 825 922 856; x_wconf 87' lang='lat' dir='ltr'><strong>vero</strong></span> <span class='ocrx_word' id='word_1_64' title='bbox 944 808 1089 856; x_wconf 84' lang='lat' dir='ltr'><strong>verius</strong></span> <span class='ocrx_word' id='word_1_65' title='bbox 1122 808 1228 854; x_wconf 85' lang='lat' dir='ltr'><strong>nihil</strong></span> <span class='ocrx_word' id='word_1_66' title='bbox 1255 808 1327 856; x_wconf 85' lang='lat' dir='ltr'><strong>est.</strong></span> <span class='ocrx_word' id='word_1_67' title='bbox 1359 810 1402 855; x_wconf 91' lang='lat' dir='ltr'><strong>Si</strong></span> <span class='ocrx_word' id='word_1_68' title='bbox 1425 827 1527 858; x_wconf 85' lang='lat' dir='ltr'><strong>aves</strong></span> 
     </span>
     <span class='ocr_line' id='line_1_11' title="bbox 246 879 1528 943; baseline -0.003 -11"><span class='ocrx_word' id='word_1_69' title='bbox 246 886 394 932; x_wconf 82' lang='lat' dir='ltr'><strong>futura</strong></span> <span class='ocrx_word' id='word_1_70' title='bbox 429 884 712 937; x_wconf 89' lang='lat' dir='ltr'><strong>cecinerunt,</strong></span> <span class='ocrx_word' id='word_1_71' title='bbox 752 898 844 928; x_wconf 91' lang='lat' dir='ltr'><strong>non</strong></span> <span class='ocrx_word' id='word_1_72' title='bbox 881 880 1022 943; x_wconf 83' lang='lat' dir='ltr'><strong>potest</strong></span> <span class='ocrx_word' id='word_1_73' title='bbox 1053 881 1140 926; x_wconf 84' lang='lat' dir='ltr'><strong>hoc</strong></span> <span class='ocrx_word' id='word_1_74' title='bbox 1177 879 1415 942; x_wconf 76' lang='lat' dir='ltr'><strong>auspicium</strong></span> <span class='ocrx_word' id='word_1_75' title='bbox 1444 881 1528 928; x_wconf 89' lang='lat' dir='ltr'><strong>ful·</strong></span> 
     </span>
     <span class='ocr_line' id='line_1_12' title="bbox 247 953 1527 1016; baseline -0.002 -11"><span class='ocrx_word' id='word_1_76' title='bbox 247 959 368 1006; x_wconf 85' lang='lat' dir='ltr'><strong>mine</strong></span> <span class='ocrx_word' id='word_1_77' title='bbox 399 958 569 1004; x_wconf 89' lang='lat' dir='ltr'><strong>irritum</strong></span> <span class='ocrx_word' id='word_1_78' title='bbox 607 956 701 1003; x_wconf 81' lang='lat' dir='ltr'><strong>fieri</strong></span> <span class='ocrx_word' id='word_1_79' title='bbox 721 973 733 1002; x_wconf 73' lang='grc' dir='ltr'><strong><em>ε</em></strong></span> <span class='ocrx_word' id='word_1_80' title='bbox 757 969 830 1002; x_wconf 87' lang='lat' dir='ltr'><strong>aut</strong></span> <span class='ocrx_word' id='word_1_81' title='bbox 856 955 885 1001; x_wconf 84' lang='lat' dir='ltr'><strong>fi</strong></span> <span class='ocrx_word' id='word_1_82' title='bbox 909 953 1076 1016; x_wconf 83' lang='lat' dir='ltr'><strong>potest,</strong></span> <span class='ocrx_word' id='word_1_83' title='bbox 1108 971 1198 999; x_wconf 88' lang='lat' dir='ltr'><strong>non</strong></span> <span class='ocrx_word' id='word_1_84' title='bbox 1233 954 1377 1002; x_wconf 88' lang='lat' dir='ltr'><strong>futura</strong></span> <span class='ocrx_word' id='word_1_85' title='bbox 1413 958 1527 1003; x_wconf 82' lang='lat' dir='ltr'><strong>ceci-</strong></span> 
     </span>
     <span class='ocr_line' id='line_1_13' title="bbox 244 1029 1527 1092; baseline -0.002 -13"><span class='ocrx_word' id='word_1_86' title='bbox 244 1048 359 1080; x_wconf 83' lang='lat' dir='ltr'><strong>nere.</strong></span> <span class='ocrx_word' id='word_1_87' title='bbox 389 1031 496 1077; x_wconf 87' lang='lat' dir='ltr'><strong>Non</strong></span> <span class='ocrx_word' id='word_1_88' title='bbox 530 1030 649 1076; x_wconf 87' lang='lat' dir='ltr'><strong>enim</strong></span> <span class='ocrx_word' id='word_1_89' title='bbox 682 1046 798 1075; x_wconf 82' lang='lat' dir='ltr'><strong>nunc</strong></span> <span class='ocrx_word' id='word_1_90' title='bbox 832 1045 959 1074; x_wconf 85' lang='lat' dir='ltr'><strong>avem</strong></span> <span class='ocrx_word' id='word_1_91' title='bbox 997 1045 1212 1089; x_wconf 81' lang='lat' dir='ltr'><strong>comparo</strong></span> <span class='ocrx_word' id='word_1_92' title='bbox 1252 1042 1293 1074; x_wconf 83' lang='lat' dir='ltr'><strong>et</strong></span> <span class='ocrx_word' id='word_1_93' title='bbox 1331 1029 1527 1092; x_wconf 87' lang='lat' dir='ltr'><strong>fulmen,</strong></span> 
     </span>
     <span class='ocr_line' id='line_1_14' title="bbox 242 1100 1527 1166; baseline -0.001 -14"><span class='ocrx_word' id='word_1_94' title='bbox 242 1105 319 1152; x_wconf 75' lang='lat' dir='ltr'><strong>sed</strong></span> <span class='ocrx_word' id='word_1_95' title='bbox 345 1105 434 1150; x_wconf 88' lang='lat' dir='ltr'><strong>duo</strong></span> <span class='ocrx_word' id='word_1_96' title='bbox 454 1102 549 1151; x_wconf 88' lang='lat' dir='ltr'><strong>veri</strong></span> <span class='ocrx_word' id='word_1_97' title='bbox 566 1102 708 1164; x_wconf 73' lang='lat' dir='ltr'><strong>signa:</strong></span> <span class='ocrx_word' id='word_1_98' title='bbox 741 1116 853 1163; x_wconf 90' lang='lat' dir='ltr'><strong>quae</strong></span> <span class='ocrx_word' id='word_1_99' title='bbox 881 1100 910 1145; x_wconf 82' lang='lat' dir='ltr'><strong>fi</strong></span> <span class='ocrx_word' id='word_1_100' title='bbox 941 1118 1094 1147; x_wconf 86' lang='lat' dir='ltr'><strong>verum</strong></span> <span class='ocrx_word' id='word_1_101' title='bbox 1118 1100 1387 1162; x_wconf 70' lang='lat' dir='ltr'><strong>significant,</strong></span> <span class='ocrx_word' id='word_1_102' title='bbox 1409 1106 1527 1166; x_wconf 81' lang='lat' dir='ltr'><strong>paria</strong></span> 
     </span>
     <span class='ocr_line' id='line_1_15' title="bbox 243 1172 1529 1237; baseline 0.001 -15"><span class='ocrx_word' id='word_1_103' title='bbox 243 1177 353 1222; x_wconf 71' lang='lat' dir='ltr'><strong>sunt.</strong></span> <span class='ocrx_word' id='word_1_104' title='bbox 381 1178 534 1237; x_wconf 83' lang='lat' dir='ltr'><strong>ltaque</strong></span> <span class='ocrx_word' id='word_1_105' title='bbox 561 1173 589 1218; x_wconf 83' lang='lat' dir='ltr'>fi</span> <span class='ocrx_word' id='word_1_106' title='bbox 618 1172 811 1219; x_wconf 80' lang='lat' dir='ltr'><strong>fulminis</strong></span> <span class='ocrx_word' id='word_1_107' title='bbox 836 1172 1110 1220; x_wconf 85' lang='lat' dir='ltr'><strong>interventus</strong></span> <span class='ocrx_word' id='word_1_108' title='bbox 1137 1174 1372 1222; x_wconf 85' lang='lat' dir='ltr'><strong>submovet</strong></span> <span class='ocrx_word' id='word_1_109' title='bbox 1398 1193 1529 1223; x_wconf 86' lang='lat' dir='ltr'><strong>exto-</strong></span> 
     </span>
     <span class='ocr_line' id='line_1_16' title="bbox 242 1244 1529 1310; baseline 0 -16"><span class='ocrx_word' id='word_1_110' title='bbox 242 1266 341 1295; x_wconf 86' lang='lat' dir='ltr'><strong>rum</strong></span> <span class='ocrx_word' id='word_1_111' title='bbox 365 1248 436 1294; x_wconf 88' lang='lat' dir='ltr'><strong>vel</strong></span> <span class='ocrx_word' id='word_1_112' title='bbox 474 1263 684 1310; x_wconf 83' lang='lat' dir='ltr'><strong>augurum</strong></span> <span class='ocrx_word' id='word_1_113' title='bbox 717 1244 876 1290; x_wconf 78' lang='lat' dir='ltr'><strong>iudicia</strong></span> <span class='ocrx_word' id='word_1_114' title='bbox 897 1281 913 1301; x_wconf 83' lang='grc'>,</span> <span class='ocrx_word' id='word_1_115' title='bbox 944 1246 1054 1291; x_wconf 86' lang='lat' dir='ltr'><strong>male</strong></span> <span class='ocrx_word' id='word_1_116' title='bbox 1082 1245 1269 1308; x_wconf 63' lang='lat' dir='ltr'><strong>inspeela</strong></span> <span class='ocrx_word' id='word_1_117' title='bbox 1288 1258 1385 1293; x_wconf 85' lang='lat' dir='ltr'><strong>exta</strong></span> <span class='ocrx_word' id='word_1_118' title='bbox 1403 1284 1415 1306; x_wconf 90' lang='lat'>,</span> <span class='ocrx_word' id='word_1_119' title='bbox 1436 1267 1529 1295; x_wconf 82' lang='lat' dir='ltr'><strong>ma-</strong></span> 
     </span>
     <span class='ocr_line' id='line_1_17' title="bbox 242 1317 1527 1381; baseline 0.001 -13"><span class='ocrx_word' id='word_1_120' title='bbox 242 1322 285 1368; x_wconf 92' lang='lat' dir='ltr'><strong>le</strong></span> <span class='ocrx_word' id='word_1_121' title='bbox 311 1321 540 1368; x_wconf 83' lang='lat' dir='ltr'><strong>observata</strong></span> <span class='ocrx_word' id='word_1_122' title='bbox 572 1318 748 1381; x_wconf 82' lang='lat' dir='ltr'><strong>auguria</strong></span> <span class='ocrx_word' id='word_1_123' title='bbox 771 1317 879 1364; x_wconf 87' lang='lat' dir='ltr'><strong>sunt.</strong></span> <span class='ocrx_word' id='word_1_124' title='bbox 917 1321 1024 1364; x_wconf 89' lang='lat' dir='ltr'><strong>Non</strong></span> <span class='ocrx_word' id='word_1_125' title='bbox 1053 1319 1169 1365; x_wconf 88' lang='lat' dir='ltr'><strong>enim</strong></span> <span class='ocrx_word' id='word_1_126' title='bbox 1196 1319 1357 1377; x_wconf 77' lang='lat' dir='ltr'><strong>refert,</strong></span> <span class='ocrx_word' id='word_1_127' title='bbox 1390 1323 1527 1371; x_wconf 87' lang='lat' dir='ltr'><strong>utrius</strong></span> 
     </span>
     <span class='ocr_line' id='line_1_18' title="bbox 243 1389 1526 1455; baseline 0.001 -14"><span class='ocrx_word' id='word_1_128' title='bbox 243 1394 307 1441; x_wconf 88' lang='lat' dir='ltr'><strong>rei</strong></span> <span class='ocrx_word' id='word_1_129' title='bbox 336 1393 478 1441; x_wconf 85' lang='lat' dir='ltr'><strong>maior</strong></span> <span class='ocrx_word' id='word_1_130' title='bbox 503 1392 785 1455; x_wconf 79' lang='lat' dir='ltr'><strong>potentiorve</strong></span> <span class='ocrx_word' id='word_1_131' title='bbox 799 1403 951 1437; x_wconf 84' lang='lat' dir='ltr'><strong>natura</strong></span> <span class='ocrx_word' id='word_1_132' title='bbox 977 1389 1025 1437; x_wconf 79' lang='lat' dir='ltr'><strong>fit</strong></span> <span class='ocrx_word' id='word_1_133' title='bbox 1042 1426 1055 1449; x_wconf 92' lang='lat'><strong>‚</strong></span> <span class='ocrx_word' id='word_1_134' title='bbox 1080 1390 1110 1437; x_wconf 87' lang='lat' dir='ltr'><strong>fi</strong></span> <span class='ocrx_word' id='word_1_135' title='bbox 1129 1405 1313 1455; x_wconf 88' lang='lat' dir='ltr'><strong>utraque</strong></span> <span class='ocrx_word' id='word_1_136' title='bbox 1336 1410 1403 1440; x_wconf 85' lang='lat' dir='ltr'><strong>res</strong></span> <span class='ocrx_word' id='word_1_137' title='bbox 1431 1397 1526 1442; x_wconf 83' lang='lat' dir='ltr'><strong>veri</strong></span> 
     </span>
     <span class='ocr_line' id='line_1_19' title="bbox 243 1461 1525 1528; baseline 0.002 -16"><span class='ocrx_word' id='word_1_138' title='bbox 243 1466 386 1513; x_wconf 80' lang='lat' dir='ltr'><strong>attulit</strong></span> <span class='ocrx_word' id='word_1_139' title='bbox 426 1466 622 1528; x_wconf 86' lang='lat' dir='ltr'><strong>fignum,</strong></span> <span class='ocrx_word' id='word_1_140' title='bbox 652 1476 861 1526; x_wconf 81' lang='lat' dir='ltr'><strong>quantum</strong></span> <span class='ocrx_word' id='word_1_141' title='bbox 895 1463 949 1508; x_wconf 84' lang='lat' dir='ltr'><strong>ad</strong></span> <span class='ocrx_word' id='word_1_142' title='bbox 977 1461 1064 1510; x_wconf 86' lang='lat' dir='ltr'><strong>hoc</strong></span> <span class='ocrx_word' id='word_1_143' title='bbox 1093 1480 1169 1526; x_wconf 86' lang='lat' dir='ltr'><strong>par</strong></span> <span class='ocrx_word' id='word_1_144' title='bbox 1197 1463 1271 1511; x_wconf 87' lang='lat' dir='ltr'><strong>est.</strong></span> <span class='ocrx_word' id='word_1_145' title='bbox 1304 1465 1347 1511; x_wconf 81' lang='lat' dir='ltr'><strong>Si</strong></span> <span class='ocrx_word' id='word_1_146' title='bbox 1378 1465 1493 1514; x_wconf 82' lang='lat' dir='ltr'><strong>dicas</strong></span> <span class='ocrx_word' id='word_1_147' title='bbox 1511 1504 1525 1526; x_wconf 88' lang='lat'><em>‚</em></span> 
     </span>
     <span class='ocr_line' id='line_1_20' title="bbox 241 1535 1526 1599; baseline 0.001 -14"><span class='ocrx_word' id='word_1_148' title='bbox 241 1540 447 1585; x_wconf 77' lang='lat' dir='ltr'><strong>fiammae</strong></span> <span class='ocrx_word' id='word_1_149' title='bbox 471 1537 564 1586; x_wconf 87' lang='lat' dir='ltr'><strong>vim</strong></span> <span class='ocrx_word' id='word_1_150' title='bbox 585 1536 797 1583; x_wconf 87' lang='lat' dir='ltr'><strong>maiorem</strong></span> <span class='ocrx_word' id='word_1_151' title='bbox 823 1535 908 1583; x_wconf 80' lang='lat' dir='ltr'><strong>effe</strong></span> <span class='ocrx_word' id='word_1_152' title='bbox 926 1571 940 1595; x_wconf 85' lang='lat'>‚</span> <span class='ocrx_word' id='word_1_153' title='bbox 962 1552 1096 1599; x_wconf 87' lang='lat' dir='ltr'><strong>quam</strong></span> <span class='ocrx_word' id='word_1_154' title='bbox 1125 1536 1235 1583; x_wconf 89' lang='lat' dir='ltr'><strong>fumi</strong></span> <span class='ocrx_word' id='word_1_155' title='bbox 1255 1573 1271 1594; x_wconf 87' lang='lat'><em>,</em></span> <span class='ocrx_word' id='word_1_156' title='bbox 1292 1554 1382 1584; x_wconf 91' lang='lat' dir='ltr'><strong>non</strong></span> <span class='ocrx_word' id='word_1_157' title='bbox 1403 1556 1526 1586; x_wconf 83' lang='lat' dir='ltr'><strong>men·</strong></span> 
     </span>
     <span class='ocr_line' id='line_1_21' title="bbox 240 1607 1525 1671; baseline -0.001 -13"><span class='ocrx_word' id='word_1_158' title='bbox 240 1611 391 1659; x_wconf 81' lang='lat' dir='ltr'><strong>tieris:</strong></span> <span class='ocrx_word' id='word_1_159' title='bbox 424 1610 496 1658; x_wconf 91' lang='lat' dir='ltr'><strong>sed</strong></span> <span class='ocrx_word' id='word_1_160' title='bbox 522 1610 576 1656; x_wconf 87' lang='lat' dir='ltr'><strong>ad</strong></span> <span class='ocrx_word' id='word_1_161' title='bbox 605 1608 882 1656; x_wconf 83' lang='lat' dir='ltr'><strong>indicandum</strong></span> <span class='ocrx_word' id='word_1_162' title='bbox 915 1607 1061 1671; x_wconf 81' lang='lat' dir='ltr'><strong>ignem</strong></span> <span class='ocrx_word' id='word_1_163' title='bbox 1081 1644 1094 1666; x_wconf 85' lang='lat'>‚</span> <span class='ocrx_word' id='word_1_164' title='bbox 1124 1609 1241 1655; x_wconf 82' lang='lat' dir='ltr'><strong>idem</strong></span> <span class='ocrx_word' id='word_1_165' title='bbox 1260 1610 1377 1656; x_wconf 89' lang='lat' dir='ltr'><strong>valet</strong></span> <span class='ocrx_word' id='word_1_166' title='bbox 1405 1611 1525 1657; x_wconf 76' lang='lat' dir='ltr'><strong>flam-</strong></span> 
     </span>
     <span class='ocr_line' id='line_1_22' title="bbox 241 1682 1527 1748; baseline -0.001 -15"><span class='ocrx_word' id='word_1_167' title='bbox 241 1703 312 1733; x_wconf 76' lang='lat' dir='ltr'><strong>ma</strong></span> <span class='ocrx_word' id='word_1_168' title='bbox 329 1721 342 1744; x_wconf 85' lang='lat'>,</span> <span class='ocrx_word' id='word_1_169' title='bbox 374 1686 495 1748; x_wconf 81' lang='lat' dir='ltr'><strong>quod</strong></span> <span class='ocrx_word' id='word_1_170' title='bbox 515 1684 674 1731; x_wconf 78' lang='lat' dir='ltr'><strong>fumus.</strong></span> <span class='ocrx_word' id='word_1_171' title='bbox 708 1685 853 1743; x_wconf 80' lang='lat' dir='ltr'><strong>Itaque</strong></span> <span class='ocrx_word' id='word_1_172' title='bbox 873 1682 899 1727; x_wconf 78' lang='lat' dir='ltr'>fi</span> <span class='ocrx_word' id='word_1_173' title='bbox 921 1684 1007 1729; x_wconf 76' lang='lat' dir='ltr'><strong>hoc</strong></span> <span class='ocrx_word' id='word_1_174' title='bbox 1029 1683 1205 1740; x_wconf 82' lang='lat' dir='ltr'><strong>dicunt,</strong></span> <span class='ocrx_word' id='word_1_175' title='bbox 1234 1684 1407 1746; x_wconf 80' lang='lat' dir='ltr'><strong>quoties</strong></span> <span class='ocrx_word' id='word_1_176' title='bbox 1427 1699 1527 1732; x_wconf 81' lang='lat' dir='ltr'><strong>exta</strong></span> 
     </span>
     <span class='ocr_line' id='line_1_23' title="bbox 237 1755 1528 1822; baseline -0.001 -16"><span class='ocrx_word' id='word_1_177' title='bbox 237 1760 357 1806; x_wconf 73' lang='lat' dir='ltr'><strong>aliud</strong></span> <span class='ocrx_word' id='word_1_178' title='bbox 390 1757 724 1822; x_wconf 64' lang='lat' dir='ltr'><strong>significabunt,</strong></span> <span class='ocrx_word' id='word_1_179' title='bbox 758 1755 874 1801; x_wconf 87' lang='lat' dir='ltr'><strong>aliud</strong></span> <span class='ocrx_word' id='word_1_180' title='bbox 916 1756 1129 1811; x_wconf 80' lang='lat' dir='ltr'><strong>fulmina,</strong></span> <span class='ocrx_word' id='word_1_181' title='bbox 1175 1755 1405 1803; x_wconf 75' lang='lat' dir='ltr'><strong>fulminum</strong></span> <span class='ocrx_word' id='word_1_182' title='bbox 1446 1758 1528 1806; x_wconf 89' lang='lat' dir='ltr'><strong>erit</strong></span> 
     </span>
     <span class='ocr_line' id='line_1_24' title="bbox 240 1830 1524 1889; baseline 0 -10"><span class='ocrx_word' id='word_1_183' title='bbox 240 1832 472 1880; x_wconf 57' lang='lat' dir='ltr'><strong>auetoritas</strong></span> <span class='ocrx_word' id='word_1_184' title='bbox 511 1831 685 1889; x_wconf 85' lang='lat' dir='ltr'><strong>maior,</strong></span> <span class='ocrx_word' id='word_1_185' title='bbox 716 1830 891 1876; x_wconf 72' lang='lat' dir='ltr'><strong>fortasse</strong></span> <span class='ocrx_word' id='word_1_186' title='bbox 939 1831 1236 1877; x_wconf 78' lang='lat' dir='ltr'><strong>consentiam:</strong></span> <span class='ocrx_word' id='word_1_187' title='bbox 1265 1830 1337 1877; x_wconf 82' lang='lat' dir='ltr'><strong>sed</strong></span> <span class='ocrx_word' id='word_1_188' title='bbox 1370 1831 1401 1877; x_wconf 88' lang='lat' dir='ltr'><strong>fi</strong></span> <span class='ocrx_word' id='word_1_189' title='bbox 1437 1833 1524 1882; x_wconf 90' lang='lat' dir='ltr'><strong>hoc</strong></span> 
     </span>
     <span class='ocr_line' id='line_1_25' title="bbox 240 1903 1524 1970; baseline -0.001 -17"><span class='ocrx_word' id='word_1_190' title='bbox 240 1907 421 1963; x_wconf 79' lang='lat' dir='ltr'><strong>dicunt,</strong></span> <span class='ocrx_word' id='word_1_191' title='bbox 459 1906 664 1970; x_wconf 83' lang='lat' dir='ltr'><strong>quamvis</strong></span> <span class='ocrx_word' id='word_1_192' title='bbox 695 1904 825 1951; x_wconf 80' lang='lat' dir='ltr'><strong>altera</strong></span> <span class='ocrx_word' id='word_1_193' title='bbox 861 1903 975 1967; x_wconf 73' lang='lat' dir='ltr'><strong>signa</strong></span> <span class='ocrx_word' id='word_1_194' title='bbox 1009 1920 1162 1952; x_wconf 87' lang='lat' dir='ltr'><strong>verum</strong></span> <span class='ocrx_word' id='word_1_195' title='bbox 1197 1904 1524 1965; x_wconf 77' lang='lat' dir='ltr'><strong>praedixerint,</strong></span> 
     </span>
     <span class='ocr_line' id='line_1_26' title="bbox 237 1977 1522 2040; baseline 0 -14"><span class='ocrx_word' id='word_1_196' title='bbox 237 1979 436 2027; x_wconf 85' lang='lat' dir='ltr'><strong>fulminis</strong></span> <span class='ocrx_word' id='word_1_197' title='bbox 465 1979 573 2025; x_wconf 58' lang='lat' dir='ltr'><strong>ierus</strong></span> <span class='ocrx_word' id='word_1_198' title='bbox 607 1977 755 2040; x_wconf 85' lang='lat' dir='ltr'><strong>priora</strong></span> <span class='ocrx_word' id='word_1_199' title='bbox 775 1977 938 2024; x_wconf 86' lang='lat' dir='ltr'><strong>delevit</strong></span> <span class='ocrx_word' id='word_1_200' title='bbox 957 2012 970 2035; x_wconf 88' lang='lat'>,</span> <span class='ocrx_word' id='word_1_201' title='bbox 991 1989 1034 2024; x_wconf 89' lang='lat' dir='ltr'><strong>et</strong></span> <span class='ocrx_word' id='word_1_202' title='bbox 1056 1978 1109 2023; x_wconf 80' lang='lat' dir='ltr'><strong>ad</strong></span> <span class='ocrx_word' id='word_1_203' title='bbox 1136 1978 1177 2024; x_wconf 86' lang='lat' dir='ltr'><strong>se</strong></span> <span class='ocrx_word' id='word_1_204' title='bbox 1210 1977 1341 2024; x_wconf 84' lang='lat' dir='ltr'><strong>fidem</strong></span> <span class='ocrx_word' id='word_1_205' title='bbox 1360 1979 1490 2026; x_wconf 83' lang='lat' dir='ltr'><strong>traxit</strong></span> <span class='ocrx_word' id='word_1_206' title='bbox 1508 2013 1522 2037; x_wconf 91' lang='lat'>‚</span> 
     </span>
     <span class='ocr_line' id='line_1_27' title="bbox 237 2049 1522 2113; baseline -0.002 -14"><span class='ocrx_word' id='word_1_207' title='bbox 237 2052 392 2100; x_wconf 84' lang='lat' dir='ltr'><strong>falsum</strong></span> <span class='ocrx_word' id='word_1_208' title='bbox 428 2053 502 2100; x_wconf 88' lang='lat' dir='ltr'><strong>est.</strong></span> <span class='ocrx_word' id='word_1_209' title='bbox 523 2051 707 2112; x_wconf 80' lang='lat' dir='ltr'><strong>Quare?</strong></span> <span class='ocrx_word' id='word_1_210' title='bbox 735 2049 837 2113; x_wconf 87' lang='lat' dir='ltr'><strong>quia</strong></span> <span class='ocrx_word' id='word_1_211' title='bbox 868 2049 974 2096; x_wconf 85' lang='lat' dir='ltr'><strong>nihil</strong></span> <span class='ocrx_word' id='word_1_212' title='bbox 1003 2049 1178 2097; x_wconf 84' lang='lat' dir='ltr'><strong>interest</strong></span> <span class='ocrx_word' id='word_1_213' title='bbox 1196 2085 1209 2107; x_wconf 90' lang='lat'>‚</span> <span class='ocrx_word' id='word_1_214' title='bbox 1233 2066 1361 2113; x_wconf 80' lang='lat' dir='ltr'><strong>quam</strong></span> <span class='ocrx_word' id='word_1_215' title='bbox 1388 2053 1522 2098; x_wconf 86' lang='lat' dir='ltr'><strong>multa</strong></span> 
     </span>
     <span class='ocr_line' id='line_1_28' title="bbox 238 2121 1521 2187; baseline -0.002 -16"><span class='ocrx_word' id='word_1_216' title='bbox 238 2125 428 2187; x_wconf 78' lang='lat' dir='ltr'><strong>auspicia</strong></span> <span class='ocrx_word' id='word_1_217' title='bbox 451 2123 539 2170; x_wconf 85' lang='lat' dir='ltr'><strong>sint.</strong></span> <span class='ocrx_word' id='word_1_218' title='bbox 571 2123 706 2169; x_wconf 86' lang='lat' dir='ltr'><strong>fatum</strong></span> <span class='ocrx_word' id='word_1_219' title='bbox 736 2139 872 2168; x_wconf 89' lang='lat' dir='ltr'><strong>unum</strong></span> <span class='ocrx_word' id='word_1_220' title='bbox 908 2121 999 2168; x_wconf 88' lang='lat' dir='ltr'><strong>est:</strong></span> <span class='ocrx_word' id='word_1_221' title='bbox 1026 2123 1146 2186; x_wconf 92' lang='lat' dir='ltr'><strong>quod</strong></span> <span class='ocrx_word' id='word_1_222' title='bbox 1178 2121 1207 2167; x_wconf 83' lang='lat' dir='ltr'><strong>fi</strong></span> <span class='ocrx_word' id='word_1_223' title='bbox 1234 2123 1347 2169; x_wconf 90' lang='lat' dir='ltr'><strong>bene</strong></span> <span class='ocrx_word' id='word_1_224' title='bbox 1372 2122 1521 2185; x_wconf 89' lang='lat' dir='ltr'><strong>primo</strong></span> 
     </span>
     <span class='ocr_line' id='line_1_29' title="bbox 236 2194 1520 2261; baseline -0.001 -17"><span class='ocrx_word' id='word_1_225' title='bbox 236 2197 432 2261; x_wconf 86' lang='lat' dir='ltr'><strong>auspicio</strong></span> <span class='ocrx_word' id='word_1_226' title='bbox 455 2196 724 2243; x_wconf 70' lang='lat' dir='ltr'><strong>intelle&amp;um</strong></span> <span class='ocrx_word' id='word_1_227' title='bbox 765 2194 847 2250; x_wconf 90' lang='lat' dir='ltr'><strong>est,</strong></span> <span class='ocrx_word' id='word_1_228' title='bbox 879 2194 1072 2242; x_wconf 87' lang='lat' dir='ltr'><strong>secundo</strong></span> <span class='ocrx_word' id='word_1_229' title='bbox 1093 2212 1183 2242; x_wconf 91' lang='lat' dir='ltr'><strong>non</strong></span> <span class='ocrx_word' id='word_1_230' title='bbox 1209 2195 1378 2242; x_wconf 88' lang='lat' dir='ltr'><strong>interit:</strong></span> <span class='ocrx_word' id='word_1_231' title='bbox 1403 2196 1520 2243; x_wconf 88' lang='lat' dir='ltr'><strong>idem</strong></span> 
     </span>
     <span class='ocr_line' id='line_1_30' title="bbox 234 2267 1516 2330; baseline -0.003 -13"><span class='ocrx_word' id='word_1_232' title='bbox 234 2270 307 2317; x_wconf 82' lang='lat' dir='ltr'><strong>est.</strong></span> <span class='ocrx_word' id='word_1_233' title='bbox 339 2273 398 2316; x_wconf 85' lang='lat' dir='ltr'><strong>Ita</strong></span> <span class='ocrx_word' id='word_1_234' title='bbox 415 2269 518 2316; x_wconf 83' lang='lat' dir='ltr'><strong>dico</strong></span> <span class='ocrx_word' id='word_1_235' title='bbox 531 2305 544 2327; x_wconf 93' lang='lat'>‚</span> <span class='ocrx_word' id='word_1_236' title='bbox 565 2285 655 2315; x_wconf 83' lang='lat' dir='ltr'><strong>non</strong></span> <span class='ocrx_word' id='word_1_237' title='bbox 675 2267 806 2315; x_wconf 88' lang='lat' dir='ltr'><strong>refert</strong></span> <span class='ocrx_word' id='word_1_238' title='bbox 827 2303 841 2325; x_wconf 87' lang='lat'>‚</span> <span class='ocrx_word' id='word_1_239' title='bbox 862 2268 977 2314; x_wconf 88' lang='lat' dir='ltr'><strong>idem</strong></span> <span class='ocrx_word' id='word_1_240' title='bbox 997 2285 1050 2314; x_wconf 87' lang='lat' dir='ltr'><strong>an</strong></span> <span class='ocrx_word' id='word_1_241' title='bbox 1071 2268 1185 2315; x_wconf 85' lang='lat' dir='ltr'><strong>aliud</strong></span> <span class='ocrx_word' id='word_1_242' title='bbox 1203 2267 1253 2314; x_wconf 82' lang='lat' dir='ltr'><strong>sit</strong></span> <span class='ocrx_word' id='word_1_243' title='bbox 1270 2303 1283 2325; x_wconf 85' lang='lat'>‚</span> <span class='ocrx_word' id='word_1_244' title='bbox 1301 2284 1378 2330; x_wconf 85' lang='lat' dir='ltr'><strong>per</strong></span> <span class='ocrx_word' id='word_1_245' title='bbox 1394 2267 1516 2330; x_wconf 90' lang='lat' dir='ltr'><strong>quod</strong></span> 
     </span>
     <span class='ocr_line' id='line_1_31' title="bbox 236 2338 1469 2404; baseline -0.002 -18"><span class='ocrx_word' id='word_1_246' title='bbox 236 2341 487 2404; x_wconf 80' lang='lat' dir='ltr'><strong>quaerimus</strong></span> <span class='ocrx_word' id='word_1_247' title='bbox 510 2357 522 2386; x_wconf 77' lang='lat' dir='ltr'><strong>t</strong></span> <span class='ocrx_word' id='word_1_248' title='bbox 541 2339 748 2403; x_wconf 87' lang='lat' dir='ltr'><strong>quoniam</strong></span> <span class='ocrx_word' id='word_1_249' title='bbox 770 2340 824 2387; x_wconf 90' lang='lat' dir='ltr'><strong>de</strong></span> <span class='ocrx_word' id='word_1_250' title='bbox 844 2355 935 2402; x_wconf 86' lang='lat' dir='ltr'><strong>quo</strong></span> <span class='ocrx_word' id='word_1_251' title='bbox 954 2340 1226 2402; x_wconf 86' lang='lat' dir='ltr'><strong>quaerimus,</strong></span> <span class='ocrx_word' id='word_1_252' title='bbox 1256 2341 1371 2386; x_wconf 89' lang='lat' dir='ltr'><strong>idem</strong></span> <span class='ocrx_word' id='word_1_253' title='bbox 1397 2338 1469 2385; x_wconf 90' lang='lat' dir='ltr'><strong>est.</strong></span> 
     </span>
     <span class='ocr_line' id='line_1_32' title="bbox 302 2410 1518 2476; baseline -0.001 -16"><span class='ocrx_word' id='word_1_254' title='bbox 302 2413 503 2460; x_wconf 87' lang='lat' dir='ltr'>XXXV.</span> <span class='ocrx_word' id='word_1_255' title='bbox 523 2416 675 2461; x_wconf 80' lang='lat' dir='ltr'><strong>Fatum</strong></span> <span class='ocrx_word' id='word_1_256' title='bbox 695 2411 877 2461; x_wconf 83' lang='lat' dir='ltr'><strong>fulmine</strong></span> <span class='ocrx_word' id='word_1_257' title='bbox 910 2415 1063 2461; x_wconf 82' lang='lat' dir='ltr'><strong>mutari</strong></span> <span class='ocrx_word' id='word_1_258' title='bbox 1083 2429 1175 2460; x_wconf 90' lang='lat' dir='ltr'><strong>non</strong></span> <span class='ocrx_word' id='word_1_259' title='bbox 1198 2410 1349 2476; x_wconf 87' lang='lat' dir='ltr'><strong>potest.</strong></span> <span class='ocrx_word' id='word_1_260' title='bbox 1372 2411 1518 2472; x_wconf 88' lang='lat' dir='ltr'><strong>Quid-</strong></span> 
     </span>
    </p>
   </div>
  </div>
 </body>
</html>
