1730 2870
313 140 599 187 NATUR.
649 135 969 198 QUAEST.
1018 137 1146 184 LIB.
1181 137 1257 183 lv.
1335 134 1418 182 281

155 246 335 295 flumina
358 247 491 311 gelata
518 245 742 293 'discedere
759 278 774 302 ‚
808 257 911 294 tunc
939 245 1125 293 obrutos
1155 255 1328 290 montes
1362 241 1429 288 ni-

155 337 257 369 vem
280 320 457 367 solvere.
485 318 704 365 Credibile
731 318 790 364 est
811 335 918 381 ergo
933 350 947 372 ,
970 317 1158 380 frigidos
1175 315 1346 379 spiritus
1366 313 1432 359 in-

154 391 211 438 de
229 390 321 437 fieri
339 425 352 449 ‚
371 405 415 436 et
435 406 580 436 verno
603 390 735 436 coelo
760 388 992 435 remisceri.
1020 388 1127 433 Illud
1148 402 1326 449 quoque
1355 383 1435 438 aad·

155 463 309 510 iici'unt
325 497 339 520 ‚
358 463 480 526 quod
499 479 580 509 nec
598 463 689 509 sum
707 475 910 524 expertus
924 497 938 518 ,
955 477 1038 507 nec
1054 459 1245 522 experiri
1269 457 1436 521 cogito,

157 533 229 579 Tu
254 548 458 596 quoque,
489 533 675 591 censeo,
706 532 735 578 fi
763 532 954 579 volueris
986 544 1143 579 verum
1173 529 1400 593 exquirere
1419 561 1435 585 ,

156 605 305 653 nivem
334 605 391 652 ita
415 623 524 653 cave
547 606 793 669 experiaris.
829 605 977 652 Minus
1003 605 1144 668 algere
1162 604 1279 650 aiunt
1308 603 1438 665 pedes

155 694 309 725 eorum
322 714 334 737 ,
355 679 430 743 qui
449 678 582 726 fixam
602 691 645 726 et
663 679 813 725 duram
832 677 982 725 nivem
1005 677 1190 733 calcant,
1210 691 1341 738 quam
1361 691 1439 720 eo-

157 767 254 797 rum
285 751 360 814 qui
388 763 579 798 teneram
600 765 642 797 et
662 749 930 797 labefactam.
963 750 1084 812 Ergo
1100 783 1115 805 ,
1141 747 1173 792 s1
1200 763 1292 793 non
1314 763 1439 792 men-

157 822 354 880 tiuntur,
385 822 601 886 quidquid
636 840 689 870 ex
722 823 803 870 illis
834 820 1269 885 Septemtrionalibus
1300 820 1443 877 locis,

158 895 244 942 iam
265 896 497 944 disturbata
527 898 630 945 nive
645 933 659 956 ,
686 909 728 945 et
752 898 886 962 glacie
906 897 1132 960 frangente
1151 895 1193 941 se
1211 893 1349 941 fertur
1364 930 1377 952 ,
1396 893 1441 940 id

160 969 424 1018 meridianae
437 971 809 1034 partisltepentem
830 971 916 1016 iam
934 969 1251 1029 humidumque
1269 967 1368 1013 a'e'ra
1379 966 1442 1013 al-

160 1041 292 1104 ligat,
318 1054 361 1089 et
382 1042 641 1105 perstringit.
669 1045 816 1105 ltaque
845 1057 948 1090 curn
971 1039 1121 1104 pluvia
1151 1037 1297 1086 futura
1322 1049 1411 1085 erat
1426 1071 1443 1098 ,

162 1113 330 1176 grando
355 1112 430 1171 fit,
456 1112 612 1159 iniuria
641 1112 830 1176 frigoris.

227 1186 300 1231 v1.
321 1185 428 1230 Non
445 1196 649 1247 tempero
670 1185 776 1231 mihi
794 1221 806 1242 ,
823 1199 915 1247 quo
933 1180 1075 1228 minus
1094 1196 1251 1228 omnes
1268 1180 1444 1227 nostro-

161 1271 259 1302 rum
287 1256 474 1318 ineptias
500 1256 741 1319 proferam.
761 1255 989 1316 Quosdam
1015 1254 1180 1316 peritos
1203 1252 1443 1301 observan-

161 1329 314 1375 darum
348 1328 528 1375 nubium
559 1328 646 1376 effe
682 1329 925 1384 affirmant,
953 1340 997 1372 et
1038 1325 1316 1388 praedicere,
1345 1341 1447 1371 cum

159 1401 332 1463 grando
347 1399 490 1446 futura
509 1398 556 1445 fit
576 1418 586 1447 :
608 1413 652 1447 et
669 1401 758 1447 hoc
775 1398 1012 1460 intelligere
1031 1397 1107 1442 usu
1125 1397 1220 1459 ipso
1240 1396 1445 1459 potuiffe,

163 1489 264 1519 cum
283 1473 482 1519 colorem
501 1471 683 1518 nubium
705 1470 920 1518 notassent
935 1501 949 1523 ,
976 1484 1107 1530 quarn
1130 1469 1299 1530 grands}
1318 1467 1446 1513 toties

163 1543 487 1606 insequebatur.
513 1543 620 1589 lllud
638 1542 917 1599 incredibile,
947 1540 1130 1587 Cleonis
1155 1539 1279 1585 fuisse
1306 1539 1448 1600 publi-

163 1633 214 1664 ce
241 1616 510 1679 praepofitos
540 1622 915 1677 χαλαζοφὺλακοις,
951 1613 1245 1677 speculatores
1277 1613 1448 1660 suturae

163 1688 396 1752 grandinis.
416 1689 477 1734 Hi
496 1704 598 1735 cum
617 1686 785 1749 {ignum
807 1685 1036 1744 dedissent,
1057 1684 1199 1732 adefi'e
1216 1684 1300 1731 'iam
1321 1701 1449 1748 gran-

165 1760 340 1819 dinem,
368 1760 478 1824 quid
506 1759 759 1821 exspectas?
779 1771 827 1804 ut
852 1757 1053 1805 homines
1077 1758 1130 1803 ad
1164 1757 1340 1820 penulas
1362 1756 1447 1802 dis-

164 1843 410 1890 currerent,
427 1843 500 1879 aut
513 1832 566 1878 ad
581 1831 798 1880 scorteas?
827 1834 970 1878 Immo
984 1847 1068 1893 pro
1088 1831 1129 1877 se
1145 1831 1327 1894 quisque
1342 1830 1446 1877 alius

167 1924 325 1971 agnum
338 1905 593 1952 immolabat
611 1941 622 1963 ‚
642 1905 748 1952 alius
767 1906 950 1969 pullum.
966 1905 1170 1950 Protinus
1187 1919 1332 1950 autem
1352 1904 1448 1949 illae

166 1980 304 2027 nubes
333 1979 422 2025 alio
451 1978 751 2037 declinabant,
777 1995 879 2026 cum
910 1977 1078 2040 aliquid
1105 1976 1333 2040 gustassent
1354 1976 1451 2021 san-

168 2051 323 2116 guinis.
340 2052 454 2097 Hoc
474 2052 601 2099 rides.
620 2051 807 2114 Accipe,
826 2051 948 2113 quod
967 2050 1106 2096 rideas
1124 2049 1270 2113 magis.
1295 2047 1335 2094 Si
1353 2048 1452 2111 quis

169 2142 251 2174 nec
278 2140 434 2187 agnum
463 2140 544 2171 nec
572 2125 737 2187 pullum
764 2123 984 2181 habebat,
1018 2123 1138 2186 quod
1169 2122 1256 2168 fine
1287 2122 1451 2168 damno

169 2200 265 2248 fieri
290 2212 488 2265 poterat,
520 2217 673 2247 manus
701 2200 778 2246 fibi
810 2198 1029 2246 afferebat.
1058 2201 1111 2244 Et
1141 2214 1194 2244 ne
1222 2213 1271 2244 tu
1301 2197 1450 2243 avidas

170 2286 242 2320 aut
271 2274 463 2321 crudeles
498 2273 715 2321 existimes
750 2273 916 2331 nubes,
961 2271 1147 2334 digitum
1181 2271 1302 2316 suum
1338 2271 1449 2318 bene

170 2361 303 2394 acuto
341 2347 524 2410 graphio
560 2348 808 2410 pungebat,
846 2362 886 2392 et
925 2348 1011 2393 hoc
1044 2345 1248 2408 sanguine
1284 2345 1449 2391 litabat.

170 2421 265 2467 Nec
298 2421 440 2468 minus
474 2421 528 2467 ab
561 2419 686 2467 huius
722 2420 864 2483 agello
901 2419 1067 2483 grando
1114 2418 1153 2465 se
1192 2418 1449 2475 avertebat,
