1730 2870
234 186 297 232 ,μ
493 173 542 220 LJ
590 171 884 219 ANNAet
933 171 1289 219 SENECAE

240 278 355 336 iras,
381 288 500 325 extra
534 292 673 326 metus
702 279 812 325 sistat
842 296 853 325 ε
885 293 959 326 aut
990 278 1019 324 fi
1042 281 1164 342 quod
1187 279 1317 335 effet,
1348 276 1520 342 agmine

240 351 388 406 facto,
418 368 523 414 gens
554 351 655 398 illuc
682 352 869 398 humana
893 364 1103 414 pergeret.
1130 353 1324 398 Tamdiu
1343 352 1420 397 ista
1445 368 1520 395 ur·-

239 425 406 487 gebunt
433 424 578 480 mala,
620 425 991 487 macerabuntque
1024 441 1103 485 per
1140 436 1274 470 terras
1305 441 1355 470 ac
1388 424 1523 469 maria

237 513 400 559 vagum
419 532 433 553 ‚
469 495 678 558 quamdiu
709 497 923 542 malorum
957 496 1133 559 gestaris
1165 496 1326 544 causas.
1359 500 1522 559 Fugam

242 566 323 612 tibi
342 582 430 611 non
452 564 652 627 prodeffe
670 566 867 613 miraris?
896 578 1039 613 tecum
1062 566 1158 613 sunt
1176 583 1286 629 quae
1302 566 1428 629 fugis.
1456 568 1524 612 Te

238 638 370 701 igitur
389 639 570 684 emenda
586 671 602 693 ‚
634 655 770 685 onera
798 639 879 685 tibi
905 640 1080 686 detrahe
1118 651 1162 686 et
1185 639 1389 686 defideria
1410 659 1419 686 :
1446 640 1524 686 sal-

243 723 334 757 tem
355 709 465 756 intra
491 712 678 758 modum
706 711 900 759 contine.
926 713 1120 758 Omnem
1142 728 1197 758 ex
1220 712 1368 758 animo
1393 713 1526 759 erade

242 783 497 846 nequitiam.
537 784 567 830 fi
596 784 666 831 vis
701 784 1072 847 peregrinationes
1102 784 1265 831 habere
1286 785 1495 832 iucundas
1514 820 1526 842 ,

243 866 367 901 tuum
391 856 599 902 comitem
627 858 736 904 sana.
754 857 961 905 Haerebit
989 858 1067 905 tibi
1087 858 1292 921 avaritia,
1317 858 1528 921 quamdiu

242 945 381 975 avaro
400 930 669 994 sordidoque
687 931 938 979 convixeris
955 932 1176 978 :haerebit
1197 945 1360 990 tumor,
1379 949 1528 996 quam-

243 999 318 1045 diu
339 1017 440 1047 cum
460 1002 651 1064 superbo
677 1003 1036 1049 conversaberis:
1060 1019 1284 1064 nunquam
1304 1002 1528 1048 saevitiam

243 1073 292 1119 in
323 1075 504 1122 tortoris
535 1077 829 1124 contubernio
862 1092 1033 1138 pones:
1063 1077 1299 1122 incendent
1328 1074 1530 1122 libidines

244 1159 341 1194 tuas
368 1149 667 1197 adulterorum
689 1150 901 1210 sodalitia.
928 1152 970 1196 Si
992 1150 1101 1198 velis
1120 1149 1238 1196 vitiis
1255 1148 1381 1206 exui,
1399 1149 1531 1212 longe

243 1237 266 1266 a
281 1221 494 1269 vitiorum
511 1223 723 1286 exemplis
740 1223 1033 1271 recedendum
1053 1222 1128 1270 est.
1150 1227 1334 1277 Avarus,
1351 1239 1533 1285 corrup-

245 1307 318 1340 tor
332 1330 346 1352 ‚
367 1295 546 1353 saevus,
571 1295 867 1342 fraudulentus
886 1331 898 1350 ‚
916 1296 1102 1342 muitum
1126 1295 1317 1343 nocituri
1338 1295 1365 1341 fi
1387 1311 1532 1358 prope

246 1386 271 1414 a
300 1385 344 1415 te
369 1368 576 1434 fuissent,v
599 1370 708 1415 intra
733 1385 775 1416 te
792 1369 902 1416 sunt.
935 1371 1001 1416 Ad
1031 1370 1232 1417 meiiores
1263 1368 1403 1415 tranfi.
1431 1386 1533 1415 cum

246 1441 493 1488 Catonibus
519 1432 626 1488 vive
641 1477 653 1498 ‚
673 1458 772 1488 cum
792 1443 944 1488 Laelio
960 1478 973 1500 ‚
995 1460 1095 1489 cum
1119 1443 1385 1489 Tuberone:
1410 1442 1534 1505 quod

245 1512 276 1557 fi
299 1514 542 1560 convivere
559 1514 686 1560 etiam
710 1515 893 1561 Graecis
911 1514 1059 1571 iuvat,
1087 1532 1184 1561 cum
1205 1518 1408 1573 Socrate,
1434 1531 1535 1560 cum

248 1587 430 1633 Zenone
447 1586 634 1633 versare.
652 1587 772 1633 Alter
789 1601 830 1633 te
845 1587 1024 1633 docebit
1043 1587 1182 1643 mori,
1197 1587 1228 1632 fi
1247 1586 1412 1632 neceffe
1427 1585 1533 1631 erit:

248 1658 358 1704 alter
388 1671 617 1722 antequam
649 1659 818 1705 neceffe
848 1659 943 1705 erit.
971 1659 1089 1705 Vive
1118 1676 1219 1705 cum
1249 1658 1536 1722 Chrysippo,

251 1746 353 1774 cum
384 1731 636 1777 Posidonio.
658 1731 714 1777 Hi
734 1730 813 1776 tibi
841 1732 1014 1777 tradent
1041 1731 1295 1778 divinorum
1316 1731 1536 1776 humano-

251 1819 439 1865 rumque
470 1804 685 1850 notitiam.
726 1804 771 1849 hi
798 1804 1011 1850 iubebunt
1037 1804 1080 1849 in
1118 1820 1256 1866 opere
1293 1803 1377 1849 effe
1407 1821 1417 1849 :
1455 1820 1536 1849 nec

250 1888 419 1922 tantum
449 1876 550 1924 scite
576 1876 729 1941 loqui,
760 1891 803 1922 et
828 1876 874 1921 in
902 1876 1239 1922 oblectationem
1269 1874 1537 1921 audientium

253 1950 392 1997 verba
415 1951 568 1997 metare
584 1987 597 2007 ‚
618 1951 689 1998 sed
710 1950 905 1997 animum
925 1949 1150 2003 indurare,
1171 1962 1213 1994 et
1233 1947 1436 1994 adversus
1455 1947 1538 1993 mi-

256 2041 333 2071 nas
352 2025 532 2088 erigere.
562 2027 688 2072 Unus
709 2023 769 2071 est
798 2025 915 2072 enim
935 2024 1061 2070 huius
1079 2023 1195 2069 vitae
1222 2021 1466 2068 fluetuantis
1495 2036 1539 2068 et

255 2098 455 2145 turbidae
475 2110 629 2161 portus
643 2134 656 2155 ,
677 2112 890 2144 eventura
911 2113 1210 2144 comtemnere
1226 2132 1239 2153 ‚
1271 2094 1380 2140 state
1398 2093 1538 2140 fiden-

254 2183 347 2230 ter,
381 2187 530 2234 aperte
556 2173 640 2219 tela
665 2171 866 2218 fortunae
893 2170 1076 2217 adverso
1104 2169 1281 2232 pe&ore
1300 2167 1504 2229 excipere
1520 2201 1540 2223 ,

254 2262 347 2292 non
367 2245 628 2313 latitantem?
643 2262 722 2292 nec
740 2243 1113 2309 tergiversantem.
1134 2240 1439 2305 Magnanimos
1456 2255 1540 2285 nos

257 2332 409 2366 natura
438 2319 647 2382 produxit
669 2338 680 2366 :
706 2335 749 2366 et
767 2331 815 2366 ut
841 2318 1101 2382 quibusdam
1124 2314 1377 2362 animalibus
1395 2312 1539 2358 ferum

255 2393 405 2451 dedit,
434 2394 688 2457 quibusdam
717 2392 946 2440 subdolum
964 2429 978 2450 ,
1010 2392 1267 2456 quibusdam
1297 2388 1539 2456 pavidum,

252 2469 316 2518 ita
340 2470 468 2518 nobis
487 2470 731 2534 gloriosum
755 2486 812 2518 ex
835 2468 1053 2519 excelsum
1072 2467 1267 2531 spiritum
1283 2500 1298 2526 ,
1321 2479 1536 2528 quaeren-
