1730 2870
343 105 612 154 NATUR.
663 103 966 166 QUAEST.
1014 104 1134 151 Lm.
1169 104 1236 151 111.
1342 120 1435 170 239

158 213 346 261 hiemem
373 214 662 276 aestatemque
681 229 759 275 par
788 212 848 260 est
876 231 899 260 a
926 213 1067 276 capite
1093 212 1292 260 deieRus.
1330 216 1438 261 Plu-

159 287 231 332 via
260 285 400 349 potest
427 285 568 331 facere
596 297 866 331 torrentem:
904 302 991 331 non
1028 286 1166 346 potest
1193 299 1336 331 autem
1367 303 1441 332 ae-

161 359 281 420 quali
308 359 418 404 inter
451 357 564 419 ripas
592 358 685 403 suas
711 369 865 404 tenore
895 357 1124 404 labentem.
1156 363 1327 422 Aquam
1348 376 1444 407 non

160 432 325 479 faciunt
354 433 516 478 imbres
536 467 549 489 ,
578 431 647 478 sed
679 432 870 478 incitant.

224 506 320 550 ΧΠ,
353 505 487 550 Paulo
525 516 770 567 repetamus
797 506 884 551 hoc
909 504 1035 550 altius
1052 542 1064 561 ‚
1102 505 1133 550 fi
1159 506 1368 552 viderur:
1399 520 1446 554 et

161 576 266 624 scies
291 593 383 623 non
407 577 565 623 habere
590 578 711 639 quod
743 593 946 639 quaeras,
969 593 1068 621 cum
1097 578 1150 622 ad
1172 595 1320 624 veram
1348 596 1446 624 am-

160 648 281 712 nium
313 649 528 712 originem
561 648 794 696 accesseris.
841 648 1017 694 Flumen
1045 665 1203 710 nempe
1234 649 1334 696 fecit
1365 668 1446 697 co-

162 720 233 782 pia
258 721 491 784 cursusque
514 737 652 784 aquae
675 719 891 782 perennis.
922 721 1043 783 Ergo
1066 720 1094 766 fi
1117 724 1290 782 quaeris
1307 740 1330 767 a
1349 733 1450 781 me‚'

163 794 399 856 quomodo
428 811 537 857 aqua
568 793 668 840 fiat:
697 794 979 856 interrogabo
1010 794 1227 850 invicem,
1257 811 1450 858 quomo-

163 867 226 912 do
252 867 326 913 a'e'r
351 865 424 912 fiat
441 901 454 925 ‚
481 877 553 911 aut
579 877 700 912 terra.
737 865 778 910 Si
806 882 949 912 rerum
981 866 1192 913 elementa
1222 868 1316 913 sunt
1335 885 1445 931 qua-

164 952 295 998 tuor,
323 956 412 986 non
442 952 568 1002 potes
599 939 872 1002 interrogare
899 940 1013 986 unde
1042 958 1152 1002 aqua
1183 941 1262 988 fit:
1299 958 1450 1005 quarta

163 1013 280 1060 enim
315 1029 412 1076 pars
444 1012 505 1060 est
529 1023 716 1075 naturae.
752 1013 874 1073 Quid
901 1030 1007 1076 ergo
1036 1015 1224 1070 miraris,
1250 1015 1278 1060 fi
1303 1032 1450 1062 rerum

166 1097 344 1132 naturae
365 1083 516 1147 portio
539 1097 627 1130 tam
652 1100 830 1147 magna,
853 1085 993 1147 potest
1019 1085 1182 1149 aliquid
1204 1103 1257 1132 ex
1280 1086 1321 1133 se
1340 1087 1451 1133 sem-

162 1174 239 1221 per
271 1157 530 1204 effundere?
565 1157 817 1217 Quomodo
843 1158 947 1215 ae'r,
975 1172 1020 1204 et
1049 1157 1138 1220 ipse
1174 1171 1322 1221 quarta
1352 1176 1451 1221 pars

163 1231 316 1278 mundi
335 1262 349 1285 ‚
368 1242 526 1277 ventos
552 1245 596 1276 et
612 1246 735 1277 auras
752 1241 928 1287 movet,
948 1229 1005 1276 fic
1030 1245 1139 1292 aqua
1160 1232 1284 1277 rivos
1304 1243 1345 1276 et
1365 1230 1449 1277 flu-

166 1304 298 1350 mina.
316 1304 358 1350 Si
390 1316 546 1351 ventus
574 1302 635 1349 est
668 1301 805 1348 fluens
838 1303 911 1347 ae'r
928 1337 942 1359 ‚
969 1312 1012 1347 et
1036 1300 1200 1349 flumen
1227 1303 1287 1348 est
1309 1302 1452 1351 fluens

166 1393 291 1441 aqua.
326 1376 434 1424 Satis
457 1376 642 1423 multum
670 1376 729 1421 illi
756 1374 920 1423 virium
947 1375 1070 1431 dedi,
1089 1391 1189 1421 cum
1222 1374 1338 1433 dixi,
1359 1376 1452 1422 ele-

166 1461 360 1496 mentum
398 1448 470 1496 est.
521 1446 754 1511 Intelligis‚
785 1447 908 1511 quod
944 1448 997 1493 ab
1028 1447 1105 1493 illo
1134 1446 1450 1510 proficiscitur‚·

167 1539 259 1568 non
289 1521 413 1585 posse
450 1520 646 1568 deficere.

235 1595 350 1640 XIII.
390 1595 517 1657 Aqua
537 1625 551 1647 ‚
584 1593 643 1639 ait
671 1593 829 1640 Thales
847 1629 861 1652 ‚
892 1594 1227 1641 valentiffimum
1257 1594 1452 1642 elemena

167 1682 261 1717 zum
285 1667 356 1716 est.
388 1669 478 1716 hoe:
501 1666 626 1717 fuiss'e
651 1667 842 1731 primum
864 1682 1012 1731 putat,
1036 1685 1090 1715 ex
1113 1669 1200 1715 hoc
1228 1668 1451 1717 surrexisse

166 1743 331 1790 omnia.
366 1744 448 1789 Sed
475 1756 518 1788 et
547 1758 643 1789 nos·
657 1756 836 1805 quoque
868 1754 940 1789 aut
968 1741 1013 1786 in
1037 1741 1187 1787 eadem
1216 1742 1453 1802 sententia,

168 1828 241 1863 aut
265 1815 309 1862 in
336 1815 491 1863 ultima
519 1815 674 1862 sumus.
705 1815 910 1861 Dicimus
935 1813 1052 1862 enim
1077 1814 1224 1878 ignem
1244 1815 1356 1872 effe,
1375 1817 1454 1880 qui

169 1901 361 1952 occupet
391 1889 603 1935 mundum
621 1923 634 1945 ‚
657 1903 700 1935 et
727 1888 773 1934 in
793 1887 834 1933 se
862 1888 1015 1934 cunE‘ta
1038 1899 1280 1935 convertat.
1321 1890 1453 1936 Hunc

169 1962 407 2010 evanidum
438 1960 689 2016 confidere,
720 1970 763 2005 et
798 1957 907 2005 nihil
939 1958 1124 2021 relinqui
1154 1957 1269 2004 aliud
1301 1958 1344 2005 in
1378 1977 1454 2006 re—

169 2052 268 2083 rum
287 2048 435 2083 natura
448 2072 462 2091 ‚
490 2036 589 2099 igne
607 2034 814 2084 Υείὶὶηᾶὶο
829 2070 842 2092 ,
863 2051 993 2099 quam
1013 2034 1271 2080 humorem:
1301 2034 1347 2081 in
1365 2035 1454 2082 hoc

168 2108 305 2156 futuri
328 2108 480 2155 mundi
501 2108 620 2172 spem
643 2109 785 2156 latere.
811 2112 873 2155 Ita
892 2108 1001 2172 ignis
1023 2107 1161 2153 exitus
1189 2107 1341 2152 mundi
1363 2107 1456 2166 est,

169 2181 332 2229 humor
356 2181 659 2247 primordium.
680 2181 855 2228 Miraris
875 2195 1023 2225 amnes
1046 2195 1099 2224 ex
1116 2179 1204 2224 hoc
1224 2178 1345 2241 posse
1363 2179 1457 2225 exi-

165 2276 215 2307 re
247 2258 419 2321 semper
438 2294 453 2315 ,
485 2257 561 2320 qui
594 2274 675 2320 pro
707 2256 912 2303 omnibus
946 2254 1055 2312 fuit,
1085 2266 1128 2300 et
1154 2270 1210 2299 ex
1237 2270 1330 2316 quo
1359 2255 1457 2301 sunt

166 2332 353 2380 omnia?
382 2332 467 2378 Hic
493 2331 655 2377 humor
685 2330 729 2376 in
762 2329 1012 2375 diduffione
1041 2344 1188 2374 rerum
1210 2328 1263 2374 ad
1282 2341 1456 2389 quartas

167 2403 365 2452 redaffiis
392 2404 453 2454 est
470 2440 484 2468 ‚
502 2404 563 2456 fic
592 2403 757 2470 pofitus
770 2394 862 2464 ,⁴ut
885 2401 1138 2451 fluminibus
1164 2399 1344 2450 edendis
1367 2399 1460 2453 suf‘.
