1730 2870
518 160 1158 208 EPtSTOLAE.‘
1386 181 1438 227 31

169 270 250 317 Sed
271 267 384 327 laus,
403 267 572 332 inquit,
602 267 705 313 nihil
730 268 842 314 aliud
870 283 1002 330 quam
1032 283 1126 316 vox
1145 266 1205 314 est
1227 284 1352 316 :vox
1373 286 1448 314 au-

167 354 253 388 tem
281 342 449 387 bonum
482 355 570 385 non
593 338 664 386 est.
694 338 808 384 Cum
840 338 990 385 dicunt
1019 339 1254 386 claritatem
1273 339 1445 386 laudem

166 413 253 459 effe
271 413 491 459 bonorum
506 446 518 467 ‚
546 427 568 456 a
589 409 715 456 bonis
735 408 942 456 redditam
966 427 976 456 :
997 410 1082 456 iam
1103 427 1194 456 non
1211 412 1264 457 ad
1285 428 1446 459 vocem

168 484 390 541 referunt,
428 483 499 529 sed
527 483 580 528 acl
610 482 878 530 sententiam.
910 482 1029 530 Licet
1060 483 1177 530 enim
1214 483 1284 531 vir
1305 485 1447 532 bonus
1482 525 1487 529 ,

167 567 337 610 taceat,
369 555 440 601 sed
460 554 645 617 aliquem
666 554 828 601 iudicet
858 553 1040 618 dignum
1071 555 1220 612 laude,
1255 556 1447 604 laudatus

166 627 240 673 est.
269 629 520 683 Praeterea,
555 626 668 672 aliud
699 625 759 672 est
787 625 876 672 laus
894 661 908 682 ‚
942 626 1058 672 aliud
1083 626 1287 673 laudatio.
1327 630 1446 676 Haec

126 692 135 704 ’
169 713 212 748 et
243 716 402 747 vocem
437 700 578 763 exigit.
618 701 764 762 Itaque
803 715 936 744 nemo
971 698 1079 744 dicit
1110 699 1280 747 laudem
1316 700 1447 748 fune-

169 775 292 820 brem
320 810 333 831 ,
381 774 451 819 sed
484 772 810 827 laudationem,
858 771 979 818 cuius
1014 772 1209 819 officium
1245 774 1449 821 oratione

171 846 349 894 constat.
378 848 491 892 Cum
528 846 712 892 dicimus
742 845 930 908 aliquem
960 845 1086 892 laude
1115 845 1323 909 dignum,
1356 864 1448 894 non

172 920 303 965 verba
330 919 389 964 illi
418 919 604 981 benigna
627 917 887 974 hominum,
920 916 993 962 sed
1024 916 1190 964 iudicia
1220 918 1448 980 promitti-

159 985 280 1038 mus.
314 995 432 1054 Ergo
463 992 553 1037 laus
581 990 709 1036 etiam
739 987 858 1035 taciti
888 987 948 1034 est
976 989 1086 1035 bene
1115 988 1364 1045 sentientis,
1397 1007 1447 1037 ac

170 1064 336 1109 bonnm
366 1064 511 1110 virum
537 1062 655 1125 apud
674 1062 714 1107 se
738 1061 963 1107 laudantis.
1005 1060 1182 1108 Deinde
1201 1098 1214 1120 ‚
1246 1079 1293 1110 ut
1323 1063 1413 1109 dixi
1433 1099 1449 1120 ,

160 1131 224 1180 'ad
251 1137 441 1201 animum
470 1133 654 1180 refertur
674 1134 782 1190 laus,
817 1149 908 1178 non
935 1132 988 1178 ad
1018 1135 1184 1191 verb33
1213 1151 1321 1198 quae
1341 1151 1450 1181 con-

172 1220 340 1270 ceptam
375 1208 546 1253 laudem
587 1219 797 1269 egerunt,
843 1218 886 1252 et
927 1204 971 1250 in
1015 1206 1214 1252 notitiam
1259 1208 1450 1270 plurium

170 1282 388 1328 emittunt.
418 1282 599 1336 Laudat,
623 1280 698 1343 qui
731 1280 993 1326 laudandum
1022 1279 1108 1326 effe
1129 1280 1302 1327 iudicat.
1330 1281 1449 1327 Cum

169 1354 382 1417 Tragicus
405 1354 473 1399 ille
502 1353 618 1414 apud
643 1368 724 1398 nos
748 1353 807 1398 ait
826 1387 839 1409 ‚
865 1350 1152 1414 Magnificum
1178 1353 1263 1399 effe
1284 1353 1448 1399 laudari

171 1444 194 1474 a
222 1429 397 1473 laudato
423 1426 525 1473 viro
549 1444 558 1472 :
581 1427 709 1471 laude
731 1426 894 1488 digno,
915 1425 985 1472 ait.
1017 1427 1070 1471 Et
1089 1443 1189 1472 cum
1215 1443 1352 1489 aeque
1370 1443 1449 1473 ar».-

170 1503 315 1564 tiquus
345 1502 476 1563 poeta
507 1500 585 1556 ait,
612 1502 722 1546 Laus
749 1500 822 1546 alit
849 1513 991 1546 artes:
1032 1516 1123 1545 non
1151 1500 1449 1547 laudationem

172 1575 310 1633 dicit,
345 1591 455 1637 quae
494 1572 741 1635 corrumpit
771 1585 897 1619 artes.
939 1572 1046 1618 nihil
1081 1573 1198 1618 enim
1235 1589 1373 1637 aeque
1408 1586 1451 1621 et

170 1649 463 1711 eloquentiam
484 1683 497 1706 ‚
529 1659 571 1693 et
604 1663 737 1692 omne
769 1646 883 1691 aliud
910 1645 1098 1692 studium
1130 1647 1306 1693 auribus
1331 1648 1453 1694 cledi-

171 1731 263 1766 tum
290 1720 481 1775 vitiavit,
515 1736 644 1783 quam
674 1718 1111 1780 popularisaffenfia
1142 1723 1270 1765 Fama
1297 1719 1452 1783 utique

171 1810 330 1840 vocem
354 1792 586 1847 defiderat‚
610 1791 777 1838 claritas
799 1807 901 1837 non.
933 1791 1073 1853 potest
1091 1792 1209 1838 enim
1237 1792 1343 1838 citra
1365 1809 1450 1839 vo-

171 1885 265 1917 cem
293 1867 572 1930 contingere,
605 1877 809 1912 contenta
844 1864 1009 1911 iudicio
1037 1882 1047 1910 z
1076 1865 1203 1928 plena
1225 1864 1286 1912 est
1306 1896 1320 1919 ,
1359 1881 1450 1910 non

170 1955 341 1989 tantum
365 1941 478 1987 inter
508 1954 721 1995 tacentes,
754 1939 826 1985 sed
855 1940 986 1986 etiam
1016 1940 1129 1986 inter
1153 1941 1451 1986 reclamantes,

169 2015 292 2075 Quid
309 2015 469 2061 interfit
482 2013 593 2060 inter
610 2013 847 2060 claritatem
866 2024 908 2058 et
926 2013 1107 2076 gloriam
1124 2048 1136 2069 ‚
1155 2013 1314 2059 dicam.
1331 2013 1451 2059 Glo-

172 2087 236 2133 ria
254 2087 489 2133 multorum
512 2085 680 2132 iudiciis
703 2086 868 2132 constat
884 2124 896 2143 ‚
915 2087 1082 2133 claritas
1101 2088 1336 2134 bonorum.
1357 2089 1450 2134 Cu-

172 2158 263 2216 ius,
295 2161 466 2224 inquit,
494 2161 662 2206 honum
692 2160 756 2207 est
787 2160 982 2218 claritas,
1011 2161 1055 2206 id
1086 2161 1174 2218 est,
1203 2163 1290 2208 laus
1324 2163 1449 2209 bono
1476 2224 1480 2230 ,

172 2248 196 2277 a
225 2232 353 2278 bonis
383 2232 549 2279 reddita
568 2232 585 2278 ἒ
604 2245 750 2279 utrum
771 2233 928 2279 laudati
946 2267 959 2288 ,
980 2250 1033 2278 an
1055 2233 1264 2280 laudantis
1284 2235 1300 2280 ?
1323 2236 1450 2281 Utri-

172 2306 304 2369 usque
330 2322 340 2351 :
370 2323 515 2353 meum
550 2307 625 2370 qui
655 2307 842 2364 laudor,
875 2308 976 2370 quia
1017 2322 1165 2354 natura
1197 2325 1268 2355 me
1299 2326 1448 2357 aman·-

173 2390 261 2425 tem
279 2379 478 2425 omnium
504 2380 682 2443 genui13
703 2392 745 2426 et
773 2382 884 2427 bene
904 2380 1049 2427 fecisse
1066 2383 1264 2444 gaudeo,
1289 2395 1332 2427 et
1350 2400 1448 2445 gra-

174 2464 245 2498 tos
277 2467 348 2499 me
376 2451 588 2503 invenisse
618 2453 835 2502 virtutum
870 2453 1128 2517 interpretes
1159 2455 1308 2503 laetor.
1346 2457 1447 2506 Hoc
