1730 2870
1317 107 1340 120 υ.

260 163 321 225 78
504 163 552 209 L.
606 161 898 207 ANNAEI
947 160 1305 206 SENECAE

258 282 299 317 ta
337 270 568 317 habeamus
602 268 810 316 animalia.
845 268 1058 329 Quaeris,
1090 268 1195 332 quid
1227 267 1433 314 adversus
1452 265 1530 314 ista

256 342 598 404 respondeatur?
642 344 944 403 Unaquaeque
967 357 1033 387 res
1049 356 1102 387 ex
1127 339 1215 385 istis
1233 340 1390 385 animal
1415 340 1496 385 erit
1514 366 1530 394 ς

258 412 391 463 multa
419 415 619 461 animalia
652 430 742 460 non
771 429 910 459 erunt.
954 415 1135 474 Quare?
1170 413 1339 468 dicam,
1369 411 1398 457 fi
1425 412 1532 459 mihi

258 486 663 535 accommodaveris
698 485 974 532 subtilitatem
1009 500 1052 532 et
1080 485 1368 532 intentionem
1399 497 1533 532 tuam.

257 561 431 624 Singula
457 559 654 618 animalia
683 558 867 621 singulas
894 558 1055 605 debent
1078 558 1237 604 habere
1260 557 1531 604 substantias:

257 634 335 681 ista
352 631 499 680 omnia
520 650 655 678 unum
679 631 872 678 animum
893 631 1062 678 habent.
1092 632 1238 693 Itaque
1258 629 1419 692 fingula
1442 630 1530 676 effe

260 705 437 768 poffunt
451 740 464 761 ‚
496 704 629 751 multa
649 702 732 750 effe
753 719 843 749 non
871 701 1061 765 pofl'unt.
1098 704 1193 765 Ego
1211 714 1253 747 et
1270 701 1427 747 animal
1442 700 1534 748 sum

258 790 301 824 et
332 778 491 836 homo,
534 792 624 821 non.
648 789 790 822 tamen
818 775 928 821 duos
947 773 1030 821 effe
1060 774 1187 821 dices.
1227 774 1405 833 Quare?
1432 775 1535 837 quia

259 850 441 912 separa-ti
466 849 550 895 effe
578 848 751 894 debent.
790 851 849 893 Ita
879 846 981 894 dico
998 884 1009 903 ‚
1032 847 1137 894 alter
1163 847 1217 892 ab
1243 846 1382 893 altero
1406 847 1534 894 debet

258 922 343 969 effe
370 922 599 976 diductus,
624 935 669 967 ut
703 921 792 966 duo
824 919 914 966 fint.
958 919 1187 983 Quidquid
1217 936 1351 966 unum
1381 921 1534 968 multi·

259 996 362 1057 plex
386 994 468 1049 est,
490 994 566 1040 sub
590 1011 720 1040 unam
740 994 863 1040 cadet
890 1006 1085 1040 naturam
1106 1012 1115 1040 :
1138 995 1283 1058 itaque
1305 1012 1438 1041 unum
1460 995 1534 1043 est.

258 1070 313 1114 Et
331 1068 499 1114 animus
519 1084 641 1113 meus
666 1066 824 1112 animal
850 1067 935 1125 est,
956 1079 998 1114 et
1015 1084 1100 1131 ego
1120 1068 1278 1114 animal
1298 1069 1386 1114 sum
1403 1104 1416 1126 ‚
1444 1068 1535 1115 duo

259 1154 405 1187 tamen
423 1157 513 1185 non
536 1138 694 1186 sumus.
727 1141 894 1202 quare?
919 1141 1018 1203 quia
1051 1140 1218 1186 animus
1236 1141 1322 1186 mei
1341 1157 1438 1203 pars
1463 1140 1536 1187 est.

260 1214 392 1260 Tunc
416 1212 581 1276 aliquid
608 1229 684 1275 per
718 1212 759 1260 se
787 1214 1111 1271 numerabitur,
1142 1230 1243 1260 cum
1277 1231 1355 1276 per
1383 1214 1423 1262 se
1452 1214 1537 1260 sta-

256 1287 350 1333 bit:
381 1286 456 1332 ubi
489 1302 599 1333 vero
628 1285 801 1333 alterius
827 1288 1074 1333 membrum
1104 1287 1213 1343 erit,
1250 1303 1340 1333 non
1371 1287 1534 1350 poterit

258 1359 403 1408 videri
425 1359 555 1406 aliud.
603 1360 789 1418 Quare?
820 1361 963 1408 dicam
985 1397 1000 1418 ,
1026 1360 1126 1424 quia
1152 1362 1276 1424 quod
1307 1361 1422 1407 aiiud
1448 1360 1537 1418 est,

259 1433 383 1481 suum
405 1444 581 1495 oportet
598 1432 705 1489 effe,
734 1444 777 1479 et
795 1433 1024 1496 proprium
1040 1469 1054 1491 ‚
1085 1450 1129 1480 et
1158 1449 1300 1480 totum
1318 1469 1331 1489 ‚
1359 1447 1401 1479 et
1425 1434 1536 1479 intra

259 1503 305 1551 se
333 1503 589 1549 absolutum.
618 1505 709 1564 Ego
739 1502 784 1547 in
810 1502 890 1548 alia
921 1503 1006 1549 effe
1035 1519 1106 1548 me
1130 1502 1336 1548 sententia
1367 1501 1537 1564 profes-

261 1574 330 1621 sus
359 1573 466 1621 sum.
491 1575 596 1619 Non
625 1573 742 1619 enim
765 1584 931 1619 tantum
956 1573 1140 1620 virtutes
1170 1573 1366 1620 animalia
1385 1586 1537 1632 erunt,

260 1649 292 1694 si
323 1648 409 1694 hoc
439 1646 646 1708 recipitur
672 1665 682 1691 :
709 1646 781 1692 sed
805 1645 1005 1708 opposita
1031 1663 1211 1710 quoque
1243 1648 1326 1694 illis
1353 1647 1459 1694 vitia
1493 1661 1538 1694 et

262 1719 463 1774 affectus,
486 1734 691 1781 tanquam
714 1718 799 1775 ira,
826 1719 983 1776 timor,
1008 1719 1171 1777 luctus,
1191 1718 1390 1782 suspicio.
1412 1718 1537 1765 Ultra

262 1810 330 1841 res
354 1791 430 1839 ista
457 1791 677 1853 procedet.
715 1808 871 1837 omnes
901 1790 1156 1850 sententiae,
1183 1807 1338 1839 omnes
1369 1792 1532 1854 cogita·

262 1868 409 1914 tiones
432 1865 632 1912 animalia
661 1865 965 1927 eruntzquod
995 1864 1116 1910 nullo
1146 1865 1286 1910 modo
1317 1864 1538 1927 recipien—

262 1938 367 1984 dum
394 1937 468 1985 est.
505 1938 608 1982 Non
638 1937 754 1983 enim
782 1936 997 1999 quidquid
1015 1937 1067 1982 ab
1093 1936 1273 1981 homine
1296 1935 1371 1992 fit,
1397 1937 1537 1982 homo

260 2011 334 2057 est.
366 2010 526 2057 lustitia
551 2009 658 2073 quid
679 2008 771 2056 est?
803 2010 960 2072 inquit.
989 2009 1172 2054 Animus
1202 2010 1538 2071 quodammodo

261 2085 304 2133 se
338 2084 513 2132 habens.
541 2085 693 2146 Itaque
722 2082 752 2128 fi
786 2083 954 2129 animus
986 2081 1146 2128 animal
1174 2081 1261 2139 est,
1295 2097 1338 2128 et
1363 2081 1537 2127 iustitia.

261 2157 462 2204 Minime.
495 2158 600 2204 haec
627 2157 747 2203 enim
775 2155 944 2201 habitus
979 2155 1111 2200 animi
1140 2152 1226 2211 est,
1257 2170 1300 2201 et
1325 2155 1536 2218 quaedam

263 2229 343 2277 vis.
382 2230 500 2276 Idem
534 2230 701 2276 animus
731 2229 776 2274 in
807 2229 945 2275 varias
972 2228 1129 2291 figuras
1161 2228 1465 2284 convertitur,
1497 2241 1539 2273 et

260 2319 353 2349 non
378 2303 508 2350 toties
524 2304 681 2349 animal
706 2301 819 2349 aliud
847 2302 935 2359 est,
963 2303 1139 2365 quoties
1166 2301 1280 2346 aliud
1300 2299 1430 2346 facit:
1456 2315 1535 2345 nec

258 2375 370 2422 illud
394 2377 517 2439 quod
544 2375 591 2421 fit
617 2376 670 2421 ab
697 2374 873 2434 animo,
899 2376 1058 2422 animal
1087 2375 1162 2422 est.
1191 2374 1232 2420 Si
1263 2373 1418 2420 iustitia
1441 2372 1534 2417 ani·

262 2449 350 2496 mal
377 2448 458 2507 est,
488 2449 520 2494 fi
545 2448 763 2495 fortitudo
778 2483 792 2507 ‚
812 2448 842 2496 fi
862 2463 1029 2496 ceterae
1051 2449 1233 2496 virtutes
1252 2463 1263 2492 z
1294 2458 1441 2492 utrum
1461 2446 1538 2492 de-
