1730 2870
331 139 598 187 NATUR.
640 136 949 197 QUAEST.
996 135 1114 182 LIB.
1151 135 1207 183 II.
1326 151 1416 197 217

143 244 258 292 ditus
275 279 290 302 ‚
320 260 364 291 et
395 243 437 292 se
458 242 664 290 sustinens
692 241 739 290 vi
762 242 849 290 sua.
879 242 998 289 Idem
1021 240 1209 289 Etruscis
1241 256 1424 305 quoque

143 317 285 365 visum
309 317 369 362 est
399 332 410 360 :
443 328 486 362 et
514 316 618 361 ideo*
647 314 830 362 fulmina
856 331 881 361 a
909 317 1018 365 Iove
1048 315 1162 363 mitti
1193 314 1426 373 dixerunt,

143 392 245 454 quia
270 390 356 436 fine
378 389 452 435 illo
473 388 576 434 nihn
599 388 778 451 geritur.

209 465 370 509 XLVI.
398 464 455 507 At
475 478 609 523 quare
643 461 807 524 Iupiter
826 470 899 507 aut
929 456 1121 506 ferienda
1146 453 1318 514 tranfit,
1350 465 1426 503 aut

144 534 326 582 innoxia
358 533 490 582 ferit?
521 538 568 580 ln
588 536 800 580 maiorem
830 549 901 578 me
931 529 1230 595 quaestionem
1260 544 1428 577 vocas:

145 608 216 656 cui
235 608 332 654 suus
350 608 502 663 locus,
533 608 632 654 suus
650 608 740 654 dies
759 607 924 653 dandus
951 603 1025 650 est.
1050 603 1227 649 Interim
1251 603 1338 648 hoc
1355 601 1425 648 di-

145 696 202 728 co
218 715 230 736 ,
251 679 435 726 fulmina
456 698 545 727 non
564 679 679 727 mitti
697 699 719 726 a
737 682 844 727 Iove
858 714 872 738 ,
906 678 976 725 sed
998 676 1056 722 fic
1073 675 1221 722 omnia
1242 674 1423 737 disposi-

144 762 211 810 ta,
246 765 293 809 ut
320 769 371 799 ea
400 754 529 799 etiam
548 769 659 815 quae
678 752 730 798 ab
760 751 838 797 illo
869 766 960 796 non
990 747 1130 805 fiunt,
1160 760 1306 793 tamen
1336 745 1424 792 fine

143 827 313 873 ratione
346 843 438 872 non
462 826 598 882 fiant;
620 843 730 889 quae
759 826 872 872 illius
890 824 964 871 est.
985 823 1065 872 Vis
1091 838 1245 870 eorum
1265 854 1279 877 ‚
1312 820 1428 867 illius

147 899 370 959 permiffio
390 899 463 946 est.
493 900 607 944 Nam
637 898 711 944 etsi
735 897 892 960 Iupiter
923 893 995 942 illa
1025 911 1142 942 nunc
1173 911 1262 940 non
1292 893 1394 941 facit
1407 925 1432 950 ,.

148 969 251 1017 fecit
274 983 321 1018 ut
346 970 513 1018 fierent.
541 970 727 1033 Singulis
759 985 851 1016 non
882 966 997 1016 adest
1018 985 1028 1014 :
1052 967 1125 1015 sed
1151 966 1342 1029 lignum,
1375 977 1420 1013 et

148 1046 268 1101 vim,
298 1061 342 1092 et
366 1046 534 1092 causam
556 1044 677 1091 dedit
697 1044 917 1091 omnibus.

213 1119 392 1163 XLVll.
412 1117 528 1164 Huic
545 1117 721 1162 illorum
747 1116 952 1164 divisioni
975 1132 1067 1164 non
1092 1115 1268 1163 accedo.
1292 1111 1430 1162 Aiunt

148 1200 222 1233 aut
244 1201 477 1252 perpetua,
504 1202 575 1235 aut
595 1187 714 1235 finita
737 1189 822 1236 effe
845 1189 1026 1236 fulmina
1042 1222 1056 1244 ‚
1084 1202 1155 1237 aut
1179 1187 1429 1252 prorogati-

150 1278 218 1310 va.
247 1264 457 1325 Perpetua
477 1299 490 1320 ,
519 1280 711 1326 quorum
746 1263 1003 1326 significatio
1036 1264 1082 1310 in
1117 1274 1255 1309 totam
1289 1262 1430 1310 vitam

148 1335 363 1398 pertinet3
384 1352 463 1382 nec
482 1353 613 1382 unam
633 1353 723 1382 rem
745 1336 789 1382 id
810 1337 1005 1384 enuntiat
1023 1369 1037 1393 ,
1073 1336 1146 1383 sed
1171 1347 1427 1383 contextum

147 1424 292 1454 rerum
314 1426 391 1472 per
412 1425 591 1455 omnem
611 1409 816 1472 deinceps
835 1422 1018 1456 aetatem
1037 1409 1282 1456 futurarum
1301 1425 1430 1455 com-

150 1483 362 1545 plestitur.
395 1483 514 1530 Haec
554 1482 648 1528 sunt
682 1482 890 1539 fulmina,
928 1500 1037 1546 quae
1068 1484 1211 1545 prima
1243 1496 1430 1543 accepto

149 1557 418 1619 patrimonio
443 1592 456 1614 ‚
491 1573 534 1604 et
571 1557 617 1603 in
660 1573 785 1605 novo
822 1558 1013 1603 hominis
1055 1571 1129 1604 aut
1168 1557 1287 1603 urbis
1320 1556 1431 1604 statu

150 1628 273 1677 fiunt.
290 1629 425 1675 Finita
443 1629 496 1676 ad
516 1630 632 1676 diem
650 1631 802 1692 utique
831 1630 1110 1693 respondent.
1142 1631 1429 1692 Prorogativa

150 1700 246 1747 sunt
262 1737 276 1760 ‚
297 1718 485 1764 quorum
511 1690 654 1749 niina'e
675 1700 843 1750 differri
869 1701 1043 1766 poffunt
1056 1737 1070 1761 ,
1089 1702 1227 1750 averti
1244 1701 1430 1766 tollique

150 1792 239 1822 non
261 1776 449 1835 poffunt.
605 1820 607 1823 .

215 1848 414 1893 XLVIII.
434 1846 594 1895 Dicam
613 1847 720 1911 quid
740 1847 817 1904 fit,
839 1865 971 1911 quare
988 1848 1094 1896 huic
1113 1847 1318 1895 divisioni
1336 1864 1430 1895 non

151 1919 437 1967 consentiam.1
450 1920 563 1966 Nam
580 1932 622 1967 et
643 1921 766 1984 quod
783 1934 1044 1984 perpetuum
1064 1934 1229 1969 vocant
1244 1920 1430 1978 fulmen,

152 1991 322 2038 finitum
350 1991 424 2038 est.
459 1996 613 2055 Aeque
643 1993 758 2040 enim
788 1993 886 2041 talia
914 1995 968 2040 ad
1001 1994 1116 2040 diem
1147 1992 1434 2056 respondent.

153 2066 249 2111 Nec
269 2064 370 2112 ideo
388 2064 510 2112 finita
530 2083 619 2112 non
638 2067 734 2114 sunt
749 2103 762 2125 ,
787 2067 889 2130 quia
910 2066 1095 2114 multum
1113 2082 1285 2128 tempus
1300 2066 1432 2130 figni-

150 2137 296 2184 ficant.
324 2139 376 2183 Et
403 2140 525 2201 quod
544 2139 882 2203 prorogativum
915 2140 1122 2198 videtur,
1155 2138 1335 2185 finitum
1353 2137 1430 2188 est.

151 2211 195 2256 N
199 2226 268 2255 am
286 2209 462 2256 illorum
483 2228 664 2275 quoque
686 2212 957 2259 confeffione
974 2225 1140 2258 certum
1161 2210 1220 2256 est
1235 2247 1248 2269 ‚
1267 2211 1432 2275 quous·-

151 2299 239 2345 que
265 2282 522 2344 impetretur
545 2285 708 2331 dilatio.
739 2285 910 2332 Privata
929 2284 1045 2330 enim
1065 2283 1249 2330 fulmina
1273 2294 1432 2346 negant

153 2354 264 2401 ultra
296 2355 516 2401 decimum
562 2372 720 2402 annum
745 2392 758 2414 ‚
800 2356 974 2418 publica
1013 2355 1121 2402 ultra
1157 2355 1430 2403 tricesimum

151 2427 275 2489 pofl‘e
292 2428 464 2479 deferri.
483 2431 586 2497 Hqc
603 2431 742 2479 modo
760 2429 897 2478 et'ista
919 2428 1040 2479 finita
1058 2428 1177 2478 sunt:
1198 2429 1306 2493 quia„
1316 2428 1428 2476 ultra
