1730 2870
309 130 591 181 NATUR.
641 125 964 188 QUAEST.
1013 124 1232 171 L1B.11.
1316 140 1454 198 ω,

131 240 221 287 hoc
247 236 381 287 vacui
395 234 691 283 revertemur.
719 231 910 280 Fortasse
939 232 1058 280 enim
1087 232 1238 281 libebit
1261 232 1431 297 osten-s

131 313 262 370 dere,
293 318 505 373 quantum
535 305 684 352 omnia
701 305 779 352 ista
799 323 822 352 a
845 304 1124 368 philosophia
1157 306 1312 353 artium
1337 323 1414 369 pa-

131 396 252 432 rente
271 381 450 428 fluxere.
473 379 545 424 lua
565 378 757 440 primum
780 390 822 424 et
841 378 1051 440 quaesivit
1079 377 1221 433 causas
1244 395 1414 436 rerum,

131 470 178 502 et
202 450 456 500 observavit
485 450 692 498 effeetus:
722 464 764 497 et
789 450 911 513 quod
933 449 1128 497 fulminis
1148 450 1419 513 inspeetione

132 526 267 588 longe
301 523 456 570 melius
491 522 579 580 est,
606 522 740 569 initiis
769 538 913 568 rerum
935 522 1071 568 exitus
1092 523 1290 569 contulit.

199 600 313 643 LIV.
343 597 475 642 Nunc
513 595 566 641 ad
599 593 857 657 opinionem
888 594 1109 640 Posidonii
1145 607 1355 643 revertar.
1387 597 1424 644 E

136 681 251 717 terra
277 668 543 730 terrenisque
565 665 767 713 omnibus
791 682 887 727 pars
907 666 1085 712 humida
1102 667 1296 723 efflatur,
1318 685 1419 731 pars

139 742 249 788 ficca
285 757 329 788 et
361 741 542 789 fumida.
585 740 706 786 Haec
741 737 995 785 fulminibus
1029 739 1284 787 alimentum
1327 741 1423 788 est:

138 812 209 860 ina
235 813 458 859 imbribus.
479 811 710 873 Quidquid
732 810 775 856 in
807 811 905 857 aera
926 809 1023 858 ficei
1049 811 1300 877 fumofique
1325 830 1428 877 per-

143 888 293 945 venit,
331 887 376 934 id
407 887 572 934 inciudi
612 886 651 933 se
677 885 864 932 nubibus
890 903 979 932 non
1003 886 1120 945 fert,
1158 888 1229 935 sed
1261 890 1432 954 rumpit

142 958 399 1008 claudentia.
453 959 560 1005 Inde
601 957 661 1005 est
702 958 863 1016 sonus,
891 975 1020 1022 quem
1060 975 1140 1006 nos
1178 960 1428 1020 tonitruum

143 1051 370 1083 vocamus.
400 1036 445 1079 In
466 1033 560 1095 ipso
590 1048 769 1097 quoque
789 1034 888 1079 a'e're
913 1033 1129 1096 quidquid
1155 1045 1427 1092 attenuatur,

142 1107 268 1154 fimul
298 1106 477 1152 ficcatur
500 1117 542 1151 et
572 1106 693 1152 calet.
736 1106 835 1151 Hoc
857 1121 1037 1168 quoque
1058 1104 1087 1150 fi
1109 1105 1326 1153 inclusum
1346 1107 1433 1166 est,

144 1196 281 1243 aeque
315 1178 461 1242 fugam
493 1179 666 1241 quaerit
684 1214 697 1234 ‚
723 1190 765 1225 et
793 1177 1033 1225 cum'sono
1061 1179 1221 1225 evadit.
1253 1182 1306 1227 Et
1329 1196 1433 1227 mo-

147 1254 208 1299 do
240 1251 482 1299 universam
518 1251 798 1313 eruptionem
840 1249 944 1297 facit
964 1285 977 1306 ‚
1009 1267 1154 1312 eoque
1191 1251 1436 1300 vehemen-

147 1324 232 1371 tius
267 1324 462 1369 intonat:
497 1323 637 1368 modo
670 1338 749 1385 per
780 1332 920 1383 partes
950 1332 994 1368 et
1024 1322 1283 1369 minutatim.
1316 1326 1436 1388 Ergo

146 1397 338 1443 tonitrua
370 1396 441 1443 hic
466 1395 637 1458 spiritus
659 1393 894 1457 exprimit,
920 1394 1026 1440 dum
1053 1408 1128 1441 aut
1157 1397 1323 1459 rumpit
1349 1416 1436 1445 nu-

150 1471 227 1517 bes
243 1506 255 1528 ‚
287 1481 359 1517 aut
390 1468 605 1533 pervolat.
637 1467 869 1514 Volutatio
896 1479 1038 1514 autem
1065 1469 1236 1531 spiritus
1253 1507 1266 1529 ,
1290 1471 1335 1517 in
1356 1490 1438 1520 nu-

151 1543 208 1591 be
237 1542 426 1590 conclusi
447 1578 461 1600 ,
492 1541 828 1593 valentiffimum
861 1540 923 1586 est
953 1543 1216 1589 accendendi
1245 1561 1394 1608 genus.

221 1618 312 1664 LV.
344 1606 565 1663 Tonitrua'
594 1615 703 1660 nihil
734 1613 850 1660 aliud
880 1613 1004 1670 sunt,
1037 1632 1169 1678 quam
1199 1616 1297 1665 ficei
1327 1619 1440 1666 aeris

152 1687 318 1735 sonitus
335 1723 348 1744 ,
364 1687 441 1750 qui
469 1686 592 1745 fieri,
620 1685 696 1732 nist
717 1687 821 1737 dum
851 1702 924 1734 aut
947 1688 1048 1734 terit
1063 1723 1076 1744 ,
1096 1700 1169 1735 aut
1193 1691 1434 1754 rumpitur,

155 1776 248 1806 non
282 1759 439 1822 potest.
480 1762 533 1805 Et
561 1759 589 1804 fi
623 1758 891 1806 colliduntur
909 1795 922 1817 ,
957 1759 1131 1824 inquit,
1158 1763 1295 1811 nubes
1325 1765 1441 1812 inter

157 1833 200 1880 se
218 1869 231 1890 ‚
268 1831 316 1879 fit
342 1833 378 1880 is
405 1850 537 1896 quem
566 1832 779 1880 defideras
811 1831 948 1888 iiius,
980 1833 1051 1880 sed
1079 1851 1169 1881 non
1199 1836 1443 1886 universus.

159 1904 318 1966 Neque
346 1903 461 1949 enim
480 1915 572 1950 tota
593 1903 696 1950 totis
716 1916 987 1951 concurrunt
1005 1939 1017 1962 ‚
1035 1904 1106 1951 sed
1136 1908 1328 1969 partibus
1348 1925 1447 1972 par·

160 1991 238 2025 tes.
267 1977 365 2023 Nec
390 1976 543 2023 sonant
577 1976 751 2035 mollia,
782 1975 859 2022 nisi
887 1976 992 2022 illisa
1018 1977 1137 2024 duris
1170 1978 1263 2027 sint.
1295 1982 1445 2044 Itaque

163 2063 257 2092 non
287 2047 461 2094 auditur
489 2047 642 2096 fluetus
660 2083 674 2106 ‚
711 2047 789 2094 nifi
818 2047 1044 2111 impafiffls.
1087 2049 1200 2112 Ignis
1220 2086 1234 2107 ,
1271 2050 1415 2113 inquit
1431 2063 1451 2110 ,‘

164 2119 311 2165 miffus
348 2119 392 2165 in
430 2136 618 2183 aquam,
658 2121 815 2179 sonat,
849 2121 954 2167 dum
994 2120 1293 2186 exstinguitur.
1339 2126 1448 2171 Puta

163 2190 223 2236 ita
260 2189 356 2237 effe.
393 2207 476 2252 pro
500 2209 572 2239 me
604 2192 679 2240 est.
714 2193 820 2239 Non
854 2193 974 2239 enim
1008 2193 1119 2256 ignis
1151 2207 1257 2241 tunc
1288 2195 1446 2242 sonum

166 2261 299 2310 efficit
318 2296 331 2316 ‚
368 2261 442 2308 sed
471 2263 640 2324 spiritus
671 2281 749 2328 per
780 2264 1095 2328 exstinguentia
1125 2265 1350 2330 effugiens.
1384 2270 1448 2316 Ut

168 2336 272 2382 dem
295 2335 401 2393 tibi,
423 2347 465 2382 et
488 2335 583 2383 fieri
600 2338 747 2401 ignem
765 2338 811 2384 in
838 2338 951 2384 nube
966 2373 981 2395 ‚
996 2351 1040 2386 et
1063 2338 1276 2404 exstingui
1293 2376 1307 2400 ,
1323 2357 1348 2388 e
1368 2341 1451 2405 spi÷

169 2408 258 2456 ritu
282 2409 469 2458 nascitur
490 2422 533 2458 et
563 2412 725 2460 attritu.
742 2412 864 2474 Quid
890 2411 1032 2476 ergo?
1062 2412 1218 2478 inquit.
1248 2429 1341 2479 non
1360 2431 1451 2480 po-
