1730 2870
533 107 1100 155 EPISTOLAE.
1367 128 1447 158 111

182 229 225 262 et
251 215 357 262 alius
386 231 591 261 nummos
624 215 907 277 pronuntiet,
943 216 1049 263 alius
1086 224 1166 279 per
1196 217 1460 281 sequestrum

182 302 310 351 agat,
344 289 450 334 alius
494 305 648 334 eorum
680 304 830 334 manus
865 289 1018 336 osculis
1047 304 1268 344 conterat,
1303 291 1461 354 quibus

182 360 421 422 designatus
434 359 770 422 contingendam
788 376 961 405 manum
974 372 1203 423 negaturus
1216 360 1290 418 est,
1304 379 1460 410 omnes

180 431 383 490 attoniti,
412 447 573 479 vocem
617 432 847 494 praeconis
881 432 1160 494 exspectanu
1191 433 1300 481 stare
1335 436 1459 481 otio-

179 504 271 551 sum
292 540 306 561 ,
335 518 378 552 et
405 506 594 568 spectare
615 507 706 554 illas
725 507 939 553 nundinas
954 542 965 563 ,
987 523 1068 552 nec
1088 522 1305 554 ementem
1323 508 1453 570 quid-

177 592 309 638 quam
325 612 339 633 ,
366 594 446 624 nec
473 578 772 625 vendentem?
805 579 988 637 Quanto
1012 578 1083 623 hic
1104 579 1270 625 maiore
1292 578 1456 642 gaudio

176 646 367 706 fruitur,
400 649 475 712 qui
504 665 595 696 non
623 649 864 712 praetoria,
895 661 970 694 aut
1006 647 1247 694 consularia
1277 651 1457 697 comitia

178 719 352 767 securus
379 720 571 767 intuetur
588 757 601 779 ,
620 721 691 767 sed
721 737 877 783 magna
896 719 996 777 illa,
1028 718 1073 764 in
1093 719 1250 782 quibus
1280 721 1349 766 alii
1371 721 1457 767 ho-

176 806 305 838 nores
332 791 649 840 anniversarios
676 805 862 856 petunt,
897 793 966 838 alii
1005 804 1233 854 perpetuas
1271 792 1461 854 potesta-

176 877 240 910 tes
259 900 273 920 ,
299 865 369 911 alii
394 867 604 912 bellorum
628 879 811 912 eventus
840 864 1074 928 prosperos
1095 865 1458 929 triumphosque,

176 937 245 982 alii
277 938 478 993 divitias,
499 938 567 983 alii
594 938 874 984 matrimonia
902 955 952 985 ac
977 939 1164 996 liberos,
1188 938 1259 984 alii
1281 939 1457 986 salutem

178 1011 292 1058 suam
324 1012 586 1074 suorumque
607 1010 616 1057 l
654 1011 820 1072 Quanti
839 1012 968 1057 animi
990 1027 1057 1058 res
1076 1010 1137 1057 est
1154 1047 1168 1067 ,
1191 1011 1328 1058 solum
1350 1014 1459 1060 nihil

177 1098 354 1148 petere,
391 1085 493 1130 nulli
520 1084 760 1148 supplicare
782 1117 796 1139 ‚
825 1097 867 1132 et
903 1085 1069 1131 dicere:
1100 1085 1221 1130 Nihil
1260 1087 1367 1132 mihi
1395 1100 1458 1133 te-

178 1173 276 1203 cum
294 1193 306 1212 ‚
326 1157 527 1212 fortuna:
549 1174 638 1203 non
657 1156 773 1203 facio
801 1157 887 1204 mei
916 1157 994 1203 tibi
1027 1156 1214 1219 copiam.
1234 1157 1323 1204 scio
1341 1160 1459 1222 apud

176 1244 220 1276 te
248 1231 444 1277 Catones
474 1231 658 1293 repelli,
687 1231 885 1277 Vatinios
916 1229 1039 1277 fieri:
1065 1229 1173 1276 nihil
1202 1246 1327 1294 rogo.
1356 1233 1459 1280 Hoc

175 1303 237 1350 est
266 1305 480 1367 privatam
511 1303 654 1351 facere
691 1303 923 1350 fortunam.
959 1304 1085 1350 Libet
1112 1319 1219 1366 ergo
1251 1305 1359 1352 haec
1388 1307 1460 1352 in·

175 1376 319 1424 vicem
357 1377 571 1435 scribere,
606 1389 649 1423 et
689 1377 801 1424 hanc
837 1377 1048 1440 integram
1081 1376 1250 1439 semper
1282 1395 1458 1442 egerere

176 1450 426 1509 materiam,
457 1451 906 1512 circumspicientibus
949 1464 1015 1497 tot
1048 1451 1180 1496 millia
1225 1452 1458 1499 hominum

176 1525 393 1588 inquieta:
431 1526 506 1588 qui
532 1538 579 1571 ut
601 1524 763 1587 aliquid
796 1522 984 1585 pestiferi
1013 1522 1353 1585 consequantur,
1379 1545 1460 1589 per

176 1598 284 1644 mala
310 1599 506 1645 nituntur
535 1593 579 1644 in
610 1598 795 1654 malum,
819 1610 1058 1660 petuntque
1085 1614 1192 1642 mox
1222 1597 1424 1661 fugienda
1442 1637 1456 1659 ‚

175 1684 247 1719 aut
275 1673 403 1719 etiam
435 1671 702 1718 fastidienda.
735 1672 820 1718 Cui
850 1672 967 1717 enim
995 1671 1189 1718 assecuto
1216 1671 1312 1720 satis
1343 1672 1458 1734 fuit,

174 1744 298 1805 quod
322 1741 492 1804 optanti
527 1741 712 1787 nimium
742 1741 1004 1788 videbatur?
1032 1743 1139 1788 Non
1169 1742 1254 1801 est,
1285 1761 1334 1792 ut
1364 1747 1460 1793 exi-

175 1816 348 1862 stimant
367 1815 568 1861 homines
584 1850 598 1872 ,
636 1815 763 1862 avida
783 1814 964 1861 felicitas
985 1850 998 1872 ,
1020 1813 1092 1861 sed
1120 1816 1282 1879 pufilla.
1313 1819 1458 1882 itaque

175 1890 394 1936 neminem
421 1888 546 1934 satiat.
585 1889 655 1934 Tu
687 1888 764 1935 ista
791 1889 929 1935 credis
953 1888 1119 1936 excelsa
1140 1926 1153 1948 ‚
1185 1891 1287 1954 quia
1327 1893 1458 1956 longe

179 1963 234 2010 ab
259 1962 340 2008 illis
376 1962 512 2007 iaces:
540 1960 579 2006 ei
608 1977 720 2007 vero
745 1961 820 2024 qui
846 1961 900 2006 ad
932 1961 1000 2006 illa
1026 1963 1247 2023 pervenit,
1276 1965 1457 2012 humilia

179 2035 289 2082 sunt.
323 2034 546 2091 Mentior,
569 2033 645 2079 nisi
667 2034 808 2079 adhuc
834 2033 1000 2096 quaerit
1026 2033 1301 2082 adscendere.
1343 2038 1457 2085 Istud

177 2109 299 2172 quod
320 2121 365 2154 tu
394 2107 608 2154 summum
634 2119 756 2172 putas
776 2144 790 2166 ‚
814 2108 972 2170 gradus
1007 2108 1077 2153 est.
1111 2111 1282 2157 Omnes
1311 2127 1456 2159 autem

179 2181 289 2227 male
315 2182 443 2226 habet
461 2181 706 2243 ignorantia
730 2181 836 2228 veri.
856 2195 1064 2243 tanquam
1086 2183 1140 2228 ad
1167 2184 1283 2230 bona
1308 2184 1458 2232 ferun-

175 2262 248 2297 tur
264 2287 278 2308 ,
300 2251 471 2313 decepti
502 2252 766 2311 rumoribus.
807 2252 984 2298 Deinde
1009 2254 1118 2298 mala
1144 2253 1251 2311 effe,
1274 2268 1347 2302 aut
1364 2257 1458 2304 ina-

179 2325 250 2370 nia
270 2359 283 2380 ,
307 2336 382 2369 aut
403 2324 575 2371 minora
607 2342 735 2388 quam
766 2325 1033 2386 speraverint
1053 2363 1066 2384 ,
1098 2328 1239 2391 adepti
1268 2347 1319 2376 ac
1341 2332 1457 2377 mul-

173 2406 215 2442 ta
245 2394 352 2460 paffi
385 2395 567 2446 vident:
620 2397 847 2462 maiorque
879 2415 977 2462 pars
1009 2400 1190 2447 miratur
1229 2419 1285 2450 ex
1325 2403 1459 2452 inter-
