1730 2870
275 117 366 158 240
529 103 578 150 L.
624 103 919 150 ANNAEI
968 106 1325 154 SENECAE

270 207 423 268 ficere,
450 222 497 257 ut
527 210 654 267 rivis,
685 224 733 257 ut
762 209 958 260 fontibus
985 213 1135 276 pofl'et.
1172 217 1300 276 Quae
1330 215 1551 281 sequitur,

271 283 465 330 Thaletis
488 283 634 346 inepta
658 284 868 330 sententia
889 285 960 332 est.
994 287 1065 333 Ait
1084 289 1223 345 enim,
1244 304 1453 336 terrarum
1474 307 1550 337 or-

268 359 370 406 bem
393 375 504 421 aqua
534 357 758 412 sustineri,
779 371 822 404 et
848 358 951 405 vehi
971 359 1095 406 more
1124 362 1307 426 navigii,
1331 363 1549 410 mobilita-

196 458 200 461 »
268 445 397 495 teque
422 430 513 477 eius
536 430 768 487 flu&uare‚
789 444 892 478 tunc
916 449 1015 479 cum
1035 434 1192 482 [licitur
1211 451 1412 484 tremere.
1443 440 1549 485 Non

265 506 326 552 est
354 522 460 567 ergo
486 505 647 551 mirum
666 540 680 562 ‚
701 504 730 550 si
754 505 945 551 abundat
969 506 1130 553 humor
1157 493 1212 553 ad
1241 509 1420 556 flumina
1445 510 1548 557 fun-

265 581 427 636 denda,
456 596 557 626 cum
585 579 772 626 mundus
796 580 841 625 in
867 580 1053 627 humore
1082 581 1132 628 fit
1156 593 1287 630 totus.
1317 585 1441 632 Hanc
1461 602 1544 633 ve-

262 669 401 701 terem
435 669 478 701 et
506 654 657 699 rudem
690 653 938 700 sententiam
970 655 1172 718 explode.
1205 657 1300 704 Nec
1331 658 1390 704 est
1420 661 1544 722 quod

263 729 440 786 credas,
470 727 515 773 in
542 729 658 774 hunc
692 728 844 774 orbem
875 744 1032 792 aquam
1062 729 1207 776 subire
1236 747 1315 793 per
1345 731 1473 780 rimas
1501 746 1545 781 et

261 803 405 850 facere
437 802 662 848 sentinam.

323 879 448 924 XIV.
480 875 691 939 Aegyptii
721 888 910 938 quatuor
938 877 1151 925 elementa
1183 878 1351 926 fecere:
1383 879 1541 928 deinde

258 968 312 998 ex
331 950 502 1014 lingulis
523 949 622 995 bina
640 985 653 1007 ‚
675 966 837 996 marem
858 962 902 996 et
929 949 1153 998 feminam.
1187 953 1345 998 Aerem
1373 969 1539 999 marem

259 1025 482 1082 iudicant,
512 1040 596 1086 qua
625 1037 782 1070 ventus
813 1023 899 1070 est:
931 1023 1167 1083 feminam,
1194 1041 1280 1088 qua
1310 1026 1541 1072 nebulosus

257 1110 301 1146 et
335 1098 458 1144 iners.
492 1098 666 1160 Aquam
699 1095 871 1143 virilem
901 1110 1066 1144 vocant
1097 1114 1246 1144 mare:
1281 1099 1536 1145 muliebrem

255 1187 435 1218 omnem
467 1168 607 1215 aliam.
642 1171 789 1232 Ignem
815 1183 979 1217 vocant
1012 1169 1247 1216 masculum
1267 1206 1279 1228 ,
1305 1186 1389 1233 qua
1417 1170 1538 1217 ardet

254 1243 433 1289 flamma
452 1260 463 1289 ε
489 1255 531 1290 et
551 1242 787 1297 feminam,
807 1259 891 1305 qua
914 1243 1028 1289 lucet
1047 1243 1256 1290 innoxius
1276 1244 1398 1290 taelu.
1421 1244 1536 1289 Ter-

253 1334 345 1363 ram
372 1316 602 1362 fortiorem
632 1309 807 1361 marem*
828 1325 1021 1372 vocant,
1051 1315 1144 1361 saxa
1175 1315 1436 1379 cautesque:
1466 1314 1534 1362 fe-

252 1393 395 1440 minae
415 1408 577 1438 nomen
606 1391 812 1455 affignant
836 1389 938 1436 huic
963 1389 1172 1436 tractabili
1192 1390 1244 1435 ad
1264 1389 1491 1435 culturam.

250 1503 255 1510 .
314 1468 420 1513 XV.
455 1468 579 1512 Mare
613 1482 748 1511 unum
783 1463 871 1521 est,
898 1462 952 1509 ab
979 1462 1106 1510 initio
1142 1463 1301 1510 scilicet
1331 1462 1388 1507 ita
1420 1478 1532 1509 con-

247 1541 472 1587 stitutum:
503 1538 632 1584 habet
665 1537 757 1584 suas
782 1553 936 1594 venas,
964 1536 1122 1599 quibus
1146 1535 1382 1598 impellitur
1401 1550 1532 1598 atque

248 1613 422 1662 aestuat.
459 1610 710 1673 Quomodo
730 1611 882 1669 maris,
904 1610 961 1657 fic
982 1622 1024 1658 et
1043 1610 1170 1656 huius
1189 1626 1325 1672 aquae
1345 1609 1530 1656 mitioris

248 1686 367 1736 vasta
389 1686 435 1732 in
457 1686 639 1732 occulto
665 1685 738 1732 via
764 1684 825 1732 est
842 1719 855 1741 ‚
878 1700 1009 1748 quam
1036 1683 1192 1734 nullius
1213 1681 1405 1731 fluminis
1430 1700 1528 1731 cur—

246 1763 314 1810 sus
339 1754 578 1808 exhauriet.
605 1758 766 1804 Abdita
796 1758 857 1806 est
878 1757 1042 1806 virium
1065 1756 1155 1805 eius
1182 1757 1304 1805 ratio.
1335 1758 1527 1804 Tantum

244 1852 298 1882 ex
312 1834 383 1881 illa
395 1869 410 1891 ,
434 1843 646 1897 quantum
666 1830 935 1895 superfluum
954 1830 1029 1889 fit,
1054 1830 1276 1878 emittitur.
1295 1829 1525 1890 Quaedam

244 1926 298 1956 ex
315 1907 402 1954 istis
421 1906 518 1953 sunt
535 1937 549 1962 ‚
571 1906 729 1967 quibus
747 1904 944 1952 ass'entire
961 1903 1215 1967 possumus:
1236 1903 1308 1950 sed
1329 1904 1417 1950 hoc
1433 1919 1523 1950 am-

243 1979 354 2044 plius
382 1977 552 2025 censeo.
581 1977 724 2024 Placet
751 1988 900 2023 natura
930 1976 1022 2040 regi
1048 1986 1215 2024 terram
1236 1993 1246 2022 :
1268 1988 1311 2022 et
1342 1975 1522 2038 quidem

242 2053 298 2098 ad
319 2050 570 2097 nostrorum
589 2065 831 2111 corporum
852 2049 1096 2112 exemplar,
1125 2047 1169 2093 in
1191 2047 1349 2111 quibus
1369 2060 1412 2096 et
1438 2065 1522 2096 ve-

243 2140 324 2170 nae
352 2122 450 2168 sunt
475 2133 518 2168 et
536 2122 743 2168 arteriae:
765 2121 859 2168 illae
881 2120 1095 2184 sanguinis
1112 2157 1124 2178 ‚
1151 2120 1230 2167 hae
1257 2119 1427 2182 spiritus
1451 2137 1520 2168 re·-

240 2196 472 2257 ceptacula.
503 2198 551 2241 In
570 2207 683 2240 terra
702 2210 882 2257 quoque
903 2193 999 2239 sunt
1015 2193 1095 2239 alia.
1114 2192 1266 2240 itinera
1281 2229 1294 2251 ‚
1315 2210 1390 2256 per
1407 2210 1517 2257 quae

243 2283 383 2330 aqua;
402 2279 444 2313 et
462 2266 542 2313 alia
558 2302 571 2325 ‚
588 2282 668 2329 per
687 2281 796 2329 quae
814 2264 985 2327 spiritus
1004 2264 1137 2310 currit
1158 2282 1167 2309 z
1189 2265 1386 2328 adeoque
1398 2265 1516 2311 illam

240 2338 295 2384 ad
320 2337 642 2385 {imilitudinem
667 2338 959 2383 humanorum
983 2352 1220 2399 corporum
1246 2348 1395 2383 natura
1421 2334 1517 2382 for-

236 2408 406 2470 mavit,
437 2421 485 2457 ut
503 2410 689 2459 maiores
707 2426 888 2474 quoque
917 2409 1054 2459 nostri
1080 2427 1290 2474 aquarum
1320 2409 1512 2475 appella-
