1730 2870
547 161 1123 215 EPISTOLAE.
1437 184 1470 231 9

193 280 392 332 tempore
411 266 691 331 conquiescet
702 269 722 325 ;'
737 279 780 315 et
795 268 1113 331 exspeftatione
1142 268 1275 316 futuri
1296 303 1311 327 ,
1339 287 1472 334 prae-

195 342 357 399 sentia»,
382 342 539 405 quibus
559 340 644 388 frui
664 353 839 404 poterat
852 378 866 400 ‚
884 343 1065 390 amittet.
1085 347 1130 389 ln
1151 360 1290 406 aequo
1309 335 1370 391 est
1391 362 1473 391 au-

194 429 283 462 tem
304 416 474 462 amiffio
492 415 584 474 rei,
603 428 646 462 et
663 416 799 462 timor
818 416 1093 463 amittendae.
1114 417 1208 462 Nec
1226 418 1328 464 ideo
1346 434 1473 480 prae-

194 489 313 552 cipio
329 489 408 536 tibi
426 489 745 554 negligentiam.
764 490 888 550 Quin
906 506 1015 537 vero
1032 491 1262 537 metuenda
1283 491 1475 547 declina;

195 574 239 608 et
257 562 472 626 quidquid
486 561 666 609 consilio
686 561 876 624 prospici
899 561 1039 622 potest
1053 598 1066 619 ‚
1088 562 1311 623 prospice:
1332 563 1476 625 quod-

196 650 371 697 cunque
390 633 600 680 laesurum
622 633 682 680 est
698 666 712 688 ,
735 634 874 679 multo
894 649 1121 696 antequam
1144 635 1313 681 accidat·
1330 669 1343 692 ,
1376 634 1475 696 spe-

196 707 344 754 culare
360 723 403 755 et
425 709 619 755 adverte.
636 710 684 754 In
701 708 788 754 hoc
809 707 948 771 ipsum
967 707 1044 753 tibi
1060 707 1293 770 plurimum
1316 707 1474 754 confe-

198 791 265 825 ret
283 778 464 836 fiducia‚
481 792 524 826 et
537 781 588 825 ad
603 779 880 826 tolerandum
895 779 1082 825 omnino
1096 778 1326 825 obfirmata
1340 796 1476 826 mens.

198 850 345 897 Potest
375 851 594 898 fortunam
628 868 812 908 cavere,
848 851 923 914 qui
945 851 1084 913 potest
1113 850 1259 897 ferre:
1282 865 1402 897 certe
1428 851 1474 897 in

198 923 433 986 tranquillo
454 939 543 968 non
563 923 862 969 tumultuatur.
888 923 963 968 Nil
980 922 1140 985 est'nec
1168 922 1362 968 miserius
1395 938 1476 968 nec

197 995 377 1054 stultius,
393 1013 520 1060 quam
541 996 810 1059 praetimere.
826 1013 936 1060 quae
955 995 1030 1042 ista
1047 996 1267 1043 dementia
1288 996 1361 1053 est,
1382 1013 1475 1041 ma-

198 1068 287 1115 lum
317 1069 440 1116 suum
464 1070 752 1117 antecedere?
784 1071 994 1134 Denique
1010 1103 1024 1126 ‚
1053 1082 1099 1117 ut
1119 1071 1316 1132 ‘breviter
1333 1069 1475 1117 inclu-

199 1144 299 1189 dam
333 1144 454 1205 quod
479 1143 641 1201 sentio,
669 1155 711 1191 et
730 1143 836 1190 istos
855 1144 1075 1207 satageos,
1105 1161 1154 1190 ac
1173 1143 1249 1189 fibi
1269 1142 1477 1189 molestos

199 1207 436 1262 describam
464 1216 540 1262 tibi
569 1235 580 1262 ε
610 1227 697 1262 tam
726 1216 1064 1278 intemperantes
1096 1216 1140 1261 in
1170 1215 1268 1278 ipfis
1296 1215 1478 1262 miseriis

201 1289 319 1347 sunt,
346 1307 475 1353 quam
508 1303 607 1337 ante
630 1290 735 1337 illas.
768 1290 866 1336 Plus
896 1289 1015 1335 dolet
1036 1305 1168 1352 quam
1200 1287 1364 1334 necess'e
1383 1288 1442 1334 est
1462 1323 1478 1346 ,

199 1364 276 1426 qui
298 1378 397 1410 ante
422 1365 540 1411 dolet
570 1381 702 1428 quam
732 1362 899 1410 necesse
931 1362 994 1409 fit.
1020 1363 1186 1408 Eadem
1213 1361 1329 1407 enim
1356 1360 1478 1407 infir-

200 1437 348 1484 mitate
368 1438 568 1483 dolorem
590 1454 679 1484 non
702 1437 914 1493 aestimat,
935 1453 1019 1499 qua
1039 1453 1129 1482 non
1150 1435 1377 1499 exspefilat.
1396 1437 1480 1481 Ea-

201 1513 299 1557 dem
329 1512 656 1574 intemperantia
683 1511 808 1576 fingit
825 1511 904 1557 fibi
926 1524 1178 1574 perpetuam
1196 1510 1444 1556 felicitatem
1463 1543 1479 1567 ,

203 1583 328 1647 fingit
352 1585 427 1631 fibi
455 1586 644 1631 crescere
674 1586 834 1631 debere
859 1599 1144 1647 quaecunque
1170 1583 1479 1645 contigerunt,

201 1675 291 1703 non
323 1671 488 1704 tantum
517 1659 670 1705 durare
696 1676 706 1704 τ
732 1670 773 1704 et
806 1657 968 1703 oblitus
1001 1656 1127 1702 huius
1158 1656 1350 1718 petauri,
1385 1670 1477 1718 quo

201 1733 390 1777 humana
410 1730 644 1787 imitantur,
673 1730 749 1776 fibi
773 1729 851 1776 uni
882 1729 1165 1775 fortuitorum
1188 1727 1475 1774 constantiam

201 1803 398 1865 spondet.
439 1803 621 1866 Egregie
654 1803 797 1866 itaque
833 1802 1011 1849 videtur
1047 1802 1152 1847 mihi
1191 1801 1478 1847 Metrodorus

201 1875 350 1922 dixiffe
368 1875 413 1921 in
437 1892 485 1923 ea
509 1876 699 1939 Epistola
717 1912 728 1932 ‚
750 1892 836 1938 qua
857 1875 1054 1922 sororem
1072 1908 1085 1930 ‚
1112 1872 1265 1919 amiffo
1284 1873 1480 1936 optimae

201 1950 360 1996 indolis
383 1948 505 2004 filio,
535 1949 799 2012 alloquitur:
833 1948 1020 1994 Mortale
1053 1946 1113 1993 est
1141 1963 1275 1992 omne
1307 1962 1477 1992 morta—

200 2023 307 2069 lium
329 2024 506 2068 bonum.
529 2023 581 2068 de
605 2023 668 2068 his
686 2021 886 2084 loquitur
906 2021 1062 2076 bonis,
1092 2020 1144 2066 ad
1160 2036 1270 2082 quae
1289 2036 1480 2066 concur-

202 2094 323 2142 ritur.
356 2095 470 2140 Nam
498 2094 603 2140 illud
634 2110 786 2140 verum
816 2094 986 2138 bonum
1014 2109 1105 2138 non
1136 2090 1322 2137 moritur
1348 2109 1358 2136 :
1381 2107 1475 2136 cer-

204 2184 295 2216 tum
325 2169 386 2216 est
416 2170 836 2233 sempiternumque,
876 2166 1079 2229 sapientia
1109 2177 1151 2210 et
1179 2164 1319 2210 virtus
1350 2182 1360 2209 :
1392 2164 1479 2209 hoc.

203 2261 341 2289 unum
366 2244 580 2306 contingit
600 2243 847 2288 immortale
865 2239 1133 2287 mortalibus,
1164 2238 1374 2283 Ceterum
1392 2249 1480 2281 tam

203 2315 397 2379 improbi
417 2316 536 2375 sunt,
569 2330 745 2379 tamque
763 2316 888 2361 obliti
903 2331 995 2379 quo
1014 2325 1111 2360 eant
1128 2349 1139 2368 ‚
1166 2329 1260 2375 quo
1278 2313 1373 2359 illos
1392 2312 1480 2358 fin-

204 2389 291 2450 guli
325 2389 414 2435 dies
443 2390 632 2444 trahant,
667 2401 714 2434 ut
743 2389 954 2434 mirentur
984 2386 1148 2450 aliquid
1178 2386 1219 2433 se
1249 2385 1446 2432 amittere
1467 2420 1483 2443 ,

204 2460 394 2508 amissuri
416 2477 506 2508 uno
533 2461 602 2508 die
624 2460 785 2508 omnia.
817 2459 1050 2523 Quidquid
1075 2457 1155 2516 est,
1183 2457 1255 2505 cui
1274 2457 1483 2504 dominus
