1730 2870
251 123 344 156 212
508 110 557 155 L.
607 107 900 153 ANNAEI
949 107 1306 155 SENECAE

250 233 350 263 rum
372 214 432 262 est
446 251 458 274 ,
477 213 640 262 etiamsi
661 230 750 259 non
771 213 1002 276 susceperis
1019 228 1151 273 vota,
1173 214 1262 262 fiet.
1292 214 1337 261 Si
1357 231 1448 262 non
1467 215 1528 264 est

248 288 472 343 futurum,
510 286 673 334 etiamsi
714 284 948 348 susceperis
980 299 1117 344 vota,
1150 303 1242 333 non
1280 285 1367 334 fiet.
1417 289 1533 335 Falsa

247 361 310 411 est
331 362 405 407 ista
426 359 740 424 interrogatio:
759 358 858 422 quia
884 358 1003 404 illam
1024 361 1213 407 mediam
1234 360 1346 408 inter
1362 360 1437 407 ista
1455 378 1534 409 ex-

248 435 502 497 ceptionem
536 433 758 497 praeteris.
794 435 1029 488 Futurum,
1070 432 1277 496 inquam,
1317 435 1406 480 hoc
1439 434 1534 493 est,

249 509 323 556 sed
351 508 380 553 fi
412 519 516 553 vota
550 506 741 569 suscepta
777 503 952 552 fuerint.
994 505 1094 552 Hoc
1128 521 1308 569 quoque
1335 500 1535 565 nece‘ffe,

247 579 420 641 inquit,
460 577 551 633 est,
586 578 678 624 fato
715 574 1083 639 comprehensum
1115 576 1196 633 fit,
1233 589 1306 624 aut
1333 577 1536 641 suscipias

248 663 357 699 vota
374 687 385 703 ,
411 662 483 695 aut
514 665 619 695 non.

312 724 498 770 XXXV
507 725 575 769 111.
591 725 697 769 Puta
714 737 786 768 me
803 720 884 768 tibi
904 737 1058 768 manus
1081 720 1183 768 dare
1195 757 1209 778 ‚
1227 732 1270 768 et
1286 721 1426 781 fateri,
1446 722 1536 771 hoc

245 815 429 862 quoque
452 797 548 844 fato
565 795 649 842 effe
667 795 1035 858 comprehensum
1054 827 1069 850 ‚
1088 807 1136 842 ut
1154 794 1305 858 utique
1325 794 1430 841 fiant
1445 796 1536 843 3⁷0-

245 888 303 920 ta.
338 872 442 917 ldeo
462 869 577 916 fient.
608 871 762 915 Fatum
791 869 879 923 est,
914 882 961 915 ut
996 869 1067 917 hic
1098 869 1282 916 disertus
1300 869 1380 927 fit,
1412 869 1483 917 sed
1506 871 1537 918 fi

245 945 391 992 literas
411 941 611 989 didicerit
630 959 640 986 :
662 942 715 986 ab
735 941 894 987 eodem
915 940 1008 987 fato
1035 940 1308 996 continetur,
1328 953 1376 987 ut
1392 941 1537 991 literas

246 1015 409 1061 diicat:
431 1012 535 1058 ideo
554 1008 702 1058 discet.
721 1011 805 1058 Hic
825 1011 949 1058 dives
971 1011 1082 1066 erit,
1104 1012 1175 1057 sed
1200 1010 1228 1056 fi
1216 1011 1540 1074 inavigaverit.

247 1092 306 1134 At
331 1087 376 1133 in
409 1086 486 1132 illo
512 1083 589 1131 fati
609 1085 791 1143 ordine,
821 1101 914 1147 qio
947 1085 1262 1147 patrimonium
1292 1085 1354 1131 illi
1374 1088 1538 1149 grande

246 1160 548 1224 promittitur,
573 1157 662 1204 hoc
683 1172 864 1219 quoque
893 1156 1094 1220 protinus
1119 1157 1256 1204 fatum
1275 1158 1358 1216 est,
1392 1170 1440 1205 ut
1459 1177 1537 1207 na·-

245 1232 397 1296 viget:
418 1230 522 1278 ideo
540 1230 777 1293 navigabit.
798 1231 919 1277 Idem
940 1231 984 1276 di
972 1246 1044 1277 co
1064 1230 1147 1277 tibi
1173 1231 1228 1278 de
1257 1231 1531 1293 expiationi-

247 1307 342 1355 bus.
362 1304 551 1368 Effugiet
576 1303 793 1367 pericula,
824 1303 855 1350 st
881 1303 1121 1365 expiaverit
1149 1304 1385 1366 praediffitas
1416 1305 1538 1353 clivi-

248 1379 364 1426 nitus
391 1378 540 1424 minas.
571 1381 629 1423 At
658 1377 745 1423 hoc
770 1392 953 1439 quoque
976 1376 1021 1423 in
1050 1375 1144 1422 fato
1171 1376 1255 1434 est,
1289 1388 1335 1422 ut
1359 1377 1538 1439 expiet:

247 1450 353 1497 ideo
371 1448 578 1511 expiabit.
602 1447 680 1493 Ista
706 1447 834 1494 nobis
863 1447 1035 1509 opponi
1055 1447 1221 1501 solent,
1246 1462 1293 1493 ut
1322 1450 1536 1509 probetur

248 1522 356 1570 nihil
372 1520 587 1568 voluntati
606 1519 776 1566 nostrae
795 1518 924 1565 reli&
922 1536 1020 1577 im,
1040 1530 1081 1565 et
1098 1534 1232 1564 omne
1256 1518 1320 1564 ius
1340 1518 1430 1565 fato
1448 1532 1537 1565 tra-

249 1596 402 1643 ditum.
433 1595 550 1640 Cum
584 1593 638 1640 de
668 1591 742 1638 ista
767 1607 815 1638 re
839 1605 1011 1655 agetur,
1041 1590 1213 1649 dicam,
1245 1592 1540 1654 quemadmo-

250 1670 356 1717 dum
373 1701 387 1725 ‚
420 1681 623 1714 manente
643 1664 768 1725 fato,
797 1663 958 1728 aliquid
979 1664 1062 1710 fit
1053 1682 1097 1710 in
1124 1663 1320 1711 hominis
1343 1665 1540 1713 arbitrio.

251 1744 325 1789 Nu
316 1760 386 1789 nc
402 1757 514 1789 vero
534 1740 578 1786 id
604 1739 659 1786 de
680 1754 773 1802 quo
797 1738 968 1802 agitur,
990 1737 1234 1801 explicavi,
1255 1739 1490 1802 quomodo
1507 1740 1539 1785 fi

248 1815 325 1862 fati
363 1828 505 1862 certus
539 1812 601 1861 est
637 1811 780 1867 ordo,
812 1811 1082 1873 expiationes
1115 1810 1540 1875 procurationesque

250 1888 561 1954 prodigiorum
575 1922 590 1945 ,
621 1884 813 1949 pericula
833 1895 1058 1932 avertant:
1080 1883 1182 1947 quia
1201 1899 1302 1930 cum
1329 1882 1424 1930 fato
1446 1900 1541 1931 non

251 1973 472 2025 pugnant,
501 1960 571 2008 sed
594 1960 682 2023 ipsa
701 1959 793 2022 lege
811 1957 888 2006 fati
909 1957 1032 2005 fiunt.
1052 1956 1177 2018 Quid
1196 1973 1302 2020 ergo
1317 1991 1331 2014 ,
1360 1956 1506 2019 inquis
1523 1990 1540 2015 ‚

248 2035 432 2098 aruspex
454 2035 563 2081 mihi
588 2032 799 2097 prodest?
833 2031 999 2094 Utique
1026 2030 1146 2078 enim
1173 2029 1374 2092 expiare,
1406 2028 1539 2076 etiam

250 2125 342 2154 non
370 2108 573 2155 suadente
598 2106 675 2153 illo
699 2141 713 2163 ‚
746 2104 855 2152 mihi
887 2104 1058 2151 necesse
1089 2103 1165 2150 est.
1194 2104 1296 2149 Hoc
1327 2101 1506 2165 prodest
1523 2138 1541 2168 9

248 2180 371 2242 quod
403 2179 478 2226 fati
508 2178 704 2226 minister
729 2177 802 2225 est.
829 2176 899 2224 Sic
919 2193 1020 2224 cum
1050 2175 1205 2223 sanitas
1232 2176 1438 2224 videatur
1455 2175 1539 2222 effe

249 2254 304 2299 de
326 2252 419 2301 fato
434 2289 447 2312 ,
476 2255 658 2301 debetur
677 2263 721 2299 et
739 2251 948 2315 medico:
970 2251 1072 2315 quia
1097 2251 1153 2298 ad
1175 2266 1257 2298 nos
1272 2247 1536 2297 beneficium

248 2323 326 2371 fati
349 2342 424 2387 per
445 2326 573 2372 huius
595 2341 747 2371 manus
775 2323 924 2378 venit⁸¹

259 2460 267 2464 X
315 2399 541 2448 XXXIX.
560 2400 736 2447 Genera
756 2396 993 2446 fulminum
1008 2395 1090 2445 tria
1107 2393 1194 2445 effe
1212 2394 1272 2445 ait
1287 2391 1536 2450 Caecinna:
