1730 2870
249 160 309 207 68
507 160 555 205 L.
610 157 905 204 ANNAEl
957 156 1305 204 SENECAE

248 265 505 314 ordinatori.
527 265 725 311 Proderit
746 281 854 327 ergo
876 263 1040 327 sapiens
1059 266 1295 329 aliquando
1317 264 1522 328 sapienti:

249 340 439 388 suadebit
469 340 617 385 enim:
643 338 715 383 sed
741 337 786 382 in
816 336 898 383 illis
924 354 1103 401 quoque
1135 340 1302 401 magnis
1333 356 1381 386 ac
1408 340 1526 386 divi-

251 416 315 460 nis
336 445 350 469 ‚
374 428 421 459 ut
443 412 658 468 diximus,
690 410 981 465 ¹communiter
1009 411 1188 456 honesta
1219 413 1466 470 tractando,
1487 425 1531 458 et

248 488 420 534 animos
447 484 820 548 cogitationesque
849 483 1096 540 miscendo,
1124 483 1238 530 utilis
1266 485 1360 531 erit,
1397 488 1528 531 Prae-

250 577 369 608 terea
405 559 639 605 secundum
677 570 875 602 naturam
909 555 970 603 est
998 571 1042 603 et
1068 556 1234 603 amicos
1265 557 1497 618 compleeli
1518 593 1531 615 ,

249 650 293 682 et
318 632 562 679 amicorum
596 630 717 687 actu,
752 641 798 675 ut
834 628 910 674 suo
932 630 1208 692 proprioque
1230 630 1387 674 laetari.
1418 630 1532 682 Nam

251 710 282 756 si
311 709 399 755 hoc
430 722 521 752 non
556 704 820 757 fecerimus,
845 719 898 749 ne
917 703 1059 750 virtus
1083 703 1259 766 quidem
1290 703 1416 749 nobis
1435 720 1532 766 per-

251 778 474 835 manebit,
507 793 618 839 quae
653 776 698 821 in
728 775 978 822 exercendo
1009 775 1076 830 se,
1107 774 1183 820 usu
1213 775 1342 821 valet.
1383 777 1535 822 Virtus

253 865 396 901 autem
427 848 572 896 suadet
592 847 830 910 praesentia
859 847 969 893 bene
1000 846 1246 902 collocare,
1271 846 1317 891 in
1341 845 1534 894 futurum

252 925 511 978 consulere,
543 921 804 975 deliberare,
833 933 876 966 et
902 920 1127 967 intendere
1157 920 1356 968 animum
1388 939 1398 967 ε
1427 922 1535 969 faci-

252 998 332 1045 lius
363 996 560 1043 intendet
589 992 914 1056 explicabitque
943 993 1017 1056 qui
1048 994 1237 1057 aliquem
1269 993 1346 1040 fibi
1375 994 1537 1040 assum-

253 1070 371 1118 serit.
399 1068 584 1130 Quaerit
610 1067 756 1129 itaque
783 1081 856 1112 aut
880 1066 1120 1129 perfectum
1147 1068 1293 1114 virum
1310 1103 1323 1126 ,
1348 1080 1421 1114 aut
1441 1085 1539 1130 pro-

255 1144 495 1200 ficientem,
520 1140 808 1203 vicinumque
838 1138 1048 1201 perfeeto.
1077 1141 1280 1188 Proderit
1304 1157 1446 1190 autem
1466 1141 1539 1188 ille

255 1215 491 1281 perfectus,
526 1211 557 1259 fi
578 1211 805 1259 consilium
839 1213 1067 1259 communi
1104 1214 1334 1276 prudentia
1361 1214 1539 1262 iuverit.

257 1290 393 1337 Aiunt
416 1288 620 1335 homines
639 1287 735 1349 plus
754 1286 797 1332 in
817 1285 961 1333 alieno
986 1287 1168 1351 negotio
1199 1287 1380 1346 videre,
1405 1306 1538 1352 quam

258 1364 303 1410 in
331 1363 439 1410 suo:
467 1362 554 1408 hoc
583 1361 665 1406 illis
695 1360 870 1414 evenit,
906 1376 1018 1422 quos
1047 1376 1174 1405 amor
1201 1360 1264 1406 sui
1304 1375 1506 1407 excaecat
1524 1395 1538 1418 ,

260 1438 505 1501 quibusque
525 1435 764 1498 dispectum
785 1432 1002 1491 utilitatis,
1030 1434 1167 1480 timor
1184 1434 1225 1479 in
1248 1434 1449 1497 periculis
1465 1452 1545 1481 ex·

262 1509 382 1556 cutit.
413 1505 597 1570 Incipiet
626 1505 774 1568 sapere
801 1503 1013 1562 securior,
1043 1519 1086 1552 et
1113 1523 1232 1552 extra
1267 1520 1431 1553 metum
1460 1524 1543 1569 po-

263 1577 384 1629 snus
425 1579 508 1626 Sed
539 1578 826 1624 nihilominus
861 1578 1073 1640 quaedam
1106 1579 1200 1624 sunt
1220 1614 1233 1635 ,
1266 1595 1377 1641 quae
1411 1579 1541 1625 etiam

263 1653 474 1715 sapientes
508 1650 553 1696 in
587 1650 675 1695 alio
695 1681 709 1704 ,
740 1664 873 1711 quam
911 1648 954 1694 in
989 1648 1059 1706 se,
1091 1648 1341 1711 diligentius
1372 1649 1539 1697 vident.

266 1729 489 1772 Praeterea
515 1722 620 1769 illud
649 1722 772 1785 quod
799 1720 1086 1767 dulciffimum
1111 1719 1545 1784 honestissimumque

267 1798 355 1853 est,
385 1796 502 1842 idem
533 1794 645 1842 velle
675 1807 804 1857 atque
837 1793 954 1839 idem
987 1793 1133 1850 nolle,
1162 1792 1329 1855 sapiens
1365 1793 1544 1855 sapienti

269 1868 515 1934 praestabit.
558 1866 791 1931 Egregium
818 1882 930 1928 opus
959 1865 1050 1928 pari
1077 1866 1183 1928 iugo
1215 1867 1352 1911 ducet.
1384 1865 1547 1926 persol-

270 1944 318 1992 vi
342 1944 466 2007 quod
491 1958 721 2006 exegeras,
756 1957 1003 2004 quanquam
1027 1940 1071 1986 in
1098 1940 1255 1986 ordine
1273 1956 1417 1985 rerum
1443 1951 1548 1995 erat,

272 2035 379 2082 quas
409 2017 584 2063 moralis
621 2015 923 2079 philosophiae
956 2013 1258 2063 voluminibus
1290 2014 1549 2075 complecti-

273 2111 387 2141 mur.
429 2092 619 2156 Cogita‚
653 2092 774 2156 quod
818 2091 937 2138 soleo
967 2091 1218 2153 frequenter
1251 2091 1328 2137 tibi
1372 2091 1548 2138 dicere:

274 2171 320 2214 ln
339 2167 426 2214 istis
444 2183 524 2213 nos
545 2165 651 2211 nihil
669 2166 784 2213 aliud
807 2183 937 2227 quam
958 2182 1142 2212 acumen
1162 2181 1375 2212 exercere.
1394 2164 1550 2212 Tories

273 2240 393 2289 enim
425 2240 501 2286 illo
530 2252 764 2287 revertor:
802 2239 923 2300 Quid
958 2238 1034 2285 ista
1064 2256 1134 2286 me
1163 2255 1230 2285 res
1262 2238 1417 2284 iuvat?
1453 2236 1549 2284 for·-

273 2315 432 2363 tiorem
460 2314 616 2371 faciet,
643 2313 891 2372 iustiorem,
915 2312 1304 2376 temperatiorem?
1335 2311 1549 2357 Nondum

273 2388 464 2435 exerceri
491 2401 616 2435 vacat
644 2405 655 2434 :
682 2388 821 2435 adhuc
851 2387 1025 2434 medico
1053 2386 1160 2433 mihi
1189 2402 1300 2448 opus
1322 2383 1394 2430 est.
1425 2384 1548 2443 Quid

274 2476 344 2509 me
363 2461 495 2507 doces
514 2460 734 2508 scientiam
755 2460 982 2507 inutilem?
1004 2475 1158 2522 magna
1180 2455 1411 2521 promisisti
1429 2474 1441 2502 ι
1461 2455 1551 2502 cxi-
