1730 2870
650 88 1182 136 FRAGMENTA.
1352 100 1354 103 ’
1472 108 1564 156 4¹7

282 196 361 244 tari
383 194 546 260 potest,
568 212 730 242 numen
759 196 832 244 est.
862 197 930 245 cui
950 197 1150 246 vivendo
1178 215 1358 261 operam
1382 202 1531 251 damus
1553 241 1568 261 ,

281 272 384 318 huic
418 287 498 316 nos
530 271 837 333 approbemus.
880 270 999 316 Nihil
1033 271 1212 333 prodest
1244 272 1448 321 inclusam
1479 278 1566 324 effe

281 341 605 390 conscientiam.
635 353 838 403 patemus
860 342 975 388 Deo.
997 342 1121 402 Quid
1143 342 1289 390 verius
1308 346 1393 391 dici
1426 348 1567 408 potest

284 416 339 461 ab
359 429 414 459 eo
435 414 509 476 qui
530 414 676 459 Deum
700 414 837 460 nofl'et
856 448 870 470 ‚
887 430 1019 478 quam
1039 414 1201 465 dictum
1231 416 1293 465 est
1312 418 1367 464 ab
1387 419 1568 469 homine

278 503 413 537 verae
427 488 653 552 religionis
668 487 820 552 ignaro
839 487 857 534 ?

833 598 1006 644 Ibidem.

342 705 461 752 Idem
481 703 527 750 in
542 702 733 750 eiusdem
753 702 899 766 operis
927 702 1101 766 primo:
1127 703 1248 765 Quid
1265 706 1352 770 agis
1371 707 1389 755 ?
1408 707 1567 774 inquit„

277 776 383 840 quid
419 776 712 824 machinaris?
740 775 845 838 quid
881 775 1160 823 abscondis?
1190 777 1349 826 Custos
1382 791 1423 826 te
1459 795 1561 829 tuus

277 850 483 914 sequitur.
516 849 659 896 Alium
700 849 780 895 tibi
815 848 1110 911 peregrinatio
1153 849 1353 898 subduxit
1381 885 1396 908 ‚
1428 853 1561 901 alium

278 939 398 969 mors
412 957 425 979 ,
445 922 576 969 alium
603 921 813 967 valetudo
834 937 844 966 :
870 920 1022 968 haeret
1045 921 1115 969 hic
1130 956 1142 977 ,
1160 939 1254 985 quo
1274 940 1420 972 carere
1449 943 1562 973 nun-

276 1011 406 1058 quam
434 1008 571 1057 potes.
605 994 727 1054 Quid
745 994 891 1040 locum
915 993 1107 1040 abditum
1141 995 1272 1060 legis,
1298 1009 1340 1043 et
1370 998 1557 1046 arbitros

274 1050 530 1113 removes?
551 1067 677 1111 Putas
706 1064 787 1110 tibi
807 1064 1033 1128 contigisse
1049 1100 1063 1122 ,
1092 1080 1139 1113 ut
1176 1068 1331 1115 oculos
1352 1071 1556 1118 omnium

275 1139 485 1203 effugias?
504 1139 726 1194 Demens,
745 1138 851 1200 quid
868 1138 946 1184 tibi
965 1139 1145 1201 prodest
1162 1156 1254 1188 non
1267 1142 1426 1191 habere
1441 1159 1553 1192 con-

271 1212 409 1260 scium
421 1248 435 1271 ,
451 1210 626 1260 habenti
647 1210 959 1258 conscientiam
977 1215 994 1258 ?

668 1318 863 1378 Eiusdem
887 1336 979 1380 cap.
1008 1330 1149 1369 XXV.

334 1429 518 1488 Quanto
534 1424 687 1472 melius
704 1438 746 1472 et
766 1424 910 1473 verius
927 1427 1122 1476 Seneca?
1138 1425 1336 1477 Vultisne
1355 1447 1460 1490 vos,
1479 1432 1559 1481 inu>

267 1499 387 1562 quit,
406 1497 554 1543 Deum
575 1495 799 1558 cogitare?
816 1512 1022 1559 magnum
1036 1512 1079 1544 et
1097 1497 1314 1559 placidum
1328 1535 1343 1558 ,
1361 1513 1403 1548 et
1416 1505 1551 1550 maie-2

267 1571 370 1618 state
386 1569 473 1616 leni
485 1569 750 1616 verendum:
769 1569 958 1617 amicum
975 1605 989 1628 ,
1014 1582 1058 1617 et
1071 1570 1297 1634 semperin
1315 1576 1557 1636 proximo:

266 1661 357 1691 non
384 1642 759 1690 immolationibus
793 1656 837 1691 et
876 1643 1081 1707 sanguine
1107 1645 1247 1692 multo
1280 1646 1508 1696 colendum:
1532 1661 1550 1693 ε

265 1735 376 1782 quae
395 1717 513 1764 enim
532 1734 587 1765 ex
606 1717 894 1765 trucidatione
908 1717 1230 1766 immerentium
1243 1720 1446 1784 voluptas
1460 1724 1546 1785 est,

263 1792 335 1839 sed
366 1803 514 1838 mente
545 1807 650 1854 pura
666 1825 678 1845 ,
698 1790 821 1837 bono
850 1790 1124 1854 honestoque
1158 1793 1402 1855 proposito.
1440 1797 1481 1842 N
1485 1811 1546 1843 on

263 1864 425 1928 templa
454 1864 536 1920 illi,
567 1862 780 1927 congestis
799 1863 842 1909 in
878 1863 1146 1912 altitudinem
1185 1865 1294 1913 saxis
1307 1901 1321 1924 ‚
1346 1866 1545 1925 struenda

266 1937 383 1986 sunt:
403 1937 448 1985 in
466 1937 542 1985 suo
566 1936 723 2001 cuique
740 1937 1058 1987 consecrandus
1073 1937 1134 1985 est
1153 1938 1345 2002 pefiore.

677 2045 768 2092 Lib.
788 2059 893 2103 VII,
921 2064 1010 2107 cap.
1034 2059 1125 2094 XV.

322 2151 428 2197 Non
447 2150 597 2199 inscite
614 2153 776 2200 Seneca
794 2153 1021 2201 Romanae
1036 2153 1154 2201 urbis
1177 2165 1378 2218 tempora
1398 2155 1540 2205 distri-

254 2218 347 2270 buit
360 2226 406 2271 in
425 2238 595 2274 aetates.
614 2227 804 2274 Primam
823 2229 939 2274 enim
955 2228 1065 2275 dixit
1089 2228 1316 2276 infantiam
1337 2230 1413 2277 sub
1437 2248 1543 2297 rege

254 2296 450 2342 Romulo
469 2296 619 2357 fuisse,
647 2315 670 2344 a
687 2316 779 2363 quo
810 2312 854 2347 et
881 2300 1049 2363 genita,
1076 2313 1120 2347 et
1137 2301 1254 2365 quasi
1282 2302 1463 2350 educata
1486 2303 1536 2350 fit

254 2368 420 2415 Roma:
441 2370 598 2417 deinde
619 2371 844 2433 pueritiam
859 2373 935 2421 sub
950 2372 1101 2421 ceteris
1119 2374 1294 2438 regibus
1306 2410 1320 2431 ‚
1338 2391 1360 2421 a
1378 2375 1534 2439 quibus

316 2443 365 2489 L.
391 2445 711 2494 Amz.-Setzeca.
744 2450 839 2494 Vol.
866 2449 951 2496 IV,
1221 2447 1309 2494 Dd
