1730 2870
278 96 370 162 368
471 99 555 146 «L.
615 96 918 143 ANNAEI
979 59 1340 145 SENECAE

272 206 546 270 aliquatenus
554 202 709 251 faciem
721 235 734 260 ‚
750 202 1078 252 diverfiflimam
1092 205 1184 252 soli.
1195 200 1445 266 Quomodo
1458 200 1565 256 nihil

272 279 482 344 prohibet
497 313 511 334 ,
535 275 612 323 ista
642 275 781 324 sidera
804 277 889 323 effe
905 313 918 334 ,
938 279 1140 341 quamvis
1160 278 1311 326 similia
1338 297 1428 327 non
1449 281 1530 328 sint
1551 300 1562 328 z

271 351 332 401 {ta
341 351 446 398 nihil
460 349 693 413 prohibet,
712 349 923 396 Cometas
938 362 1136 398 aeternos
1148 351 1233 398 effe
1251 366 1294 399 et
1309 352 1436 400 sortis
1449 352 1563 400 eius-

273 426 397 479 dem,
414 422 540 469 cuius
573 432 715 468 cetera
733 457 748 478 ,
768 420 932 468 etiamsi
968 422 1128 470 faciem
1160 422 1243 471 illis
1277 440 1368 471 non
1400 425 1563 473 habent

273 496 470 543 similem.
497 491 622 554 Quid
643 510 783 556 porro
801 497 817 540 ?
838 495 1027 542 mundus
1041 495 1130 558 ipse
1149 531 1163 554 ‚
1187 495 1219 541 fi
1240 497 1487 545 confideres
1509 496 1564 543 il-

273 569 367 616 lum
388 604 403 627 ‚
435 583 584 614 nonne
618 583 675 614 ex
705 567 883 615 diversis
918 568 1192 631 compofitus
1219 568 1318 616 est?
1344 570 1469 631 Quid
1502 567 1566 617 est

273 658 409 705 quare
427 640 472 688 in
499 643 649 688 Leone
669 641 841 704 semper
868 641 931 688 sol
962 643 1110 690 ardeat
1133 674 1149 698 ‚
1173 654 1216 689 et
1231 654 1366 689 terras
1381 641 1566 689 aestibus

271 726 462 763 torreat:
483 715 529 761 in
557 714 752 778 Aquario
769 711 1004 777 adstringat
1032 714 1220 762 hiemem
1236 750 1250 773 ,
1269 707 1451 760 flumina
1468 715 1565 777 gelu

270 789 443 837 claudat
464 788 481 834 ?
505 789 560 834 Et
583 788 672 835 hoc
689 799 839 834 tamen
868 798 910 833 et
930 786 1033 834 illud
1055 787 1166 835 fidus
1188 786 1382 834 eiusdem
1409 787 1566 837 condi*=

271 861 404 909 tionis
426 859 518 916 est,
544 876 645 907 cum
680 855 837 906 effe&u
867 871 911 906 et
945 850 1096 906 natura
1125 859 1329 906 diffimile
1360 856 1421 906 fit.
1449 860 1565 907 Intra

224 962 227 972 =
267 935 569 984 breviffimum
589 945 762 996 tempus
784 932 912 979 Aries
949 932 1173 980 extollitur
1189 968 1202 990 ‚
1228 931 1357 979 Libra
1376 929 1563 979 tardiffi-

246 1024 342 1054 vsteine
360 1007 554 1070 iungitur
574 1023 585 1053 ε
604 1017 647 1052 et
666 1020 814 1052 tamen
843 1004 932 1050 hoc
950 1003 1062 1050 fidus
1082 1018 1126 1050 et
1145 1003 1252 1050 illud
1272 1003 1460 1050 eiusdem
1487 1021 1564 1051 nae-

269 1093 393 1127 turae
411 1077 498 1125 est:
523 1094 625 1124 cum
645 1077 754 1123 illud
774 1076 937 1141 exiguo
961 1087 1164 1138 tempore
1192 1075 1449 1132 adscendat,
1474 1076 1563 1122 hoc

270 1153 345 1199 diu
368 1144 628 1215 proferatur.
650 1150 757 1197 Non
787 1151 940 1206 vides,
967 1166 1099 1214 quam
1135 1142 1357 1196 contraria
1376 1149 1489 1195 inter
1522 1149 1564 1194 se

269 1226 483 1272 elementa
502 1222 581 1270 {int
600 1223 618 1270 ?
640 1224 790 1286 gravia
809 1236 852 1271 et
868 1221 985 1270 levia
1008 1221 1104 1268 sunt
1117 1254 1130 1277 ,
1152 1220 1309 1285 frigida
1328 1232 1371 1268 et
1389 1220 1525 1268 calida
1549 1254 1564 1278 ,

270 1297 454 1345 humida
470 1309 513 1344 et
533 1297 655 1343 ficca.
676 1299 795 1344 Tota
815 1297 941 1345 huius
962 1297 1118 1344 mundi
1146 1295 1387 1344 concordia
1406 1312 1459 1341 ex
1476 1293 1564 1341 dis·

269 1370 482 1419 cordibus
513 1369 691 1418 constat.
719 1373 864 1435 Negas
890 1371 1110 1417 Cometen
1144 1369 1305 1417 stellam
1327 1368 1440 1429 effe,
1459 1368 1562 1431 quia

269 1446 414 1492 forma
437 1445 531 1492 eius
549 1460 641 1490 non
660 1443 920 1507 respondeat
933 1444 988 1490 ad
1012 1444 1259 1506 exemplar,
1279 1458 1359 1488 nec
1377 1441 1426 1489 fit
1446 1454 1562 1489 cete-

269 1519 328 1565 ris
343 1517 502 1564 similis.
524 1517 660 1564 Vides
671 1516 786 1564 enim
806 1533 935 1580 quam
953 1515 1170 1562 simillima
1185 1514 1321 1560 fitilla
1337 1550 1349 1572 ,
1366 1528 1478 1578 quae
1493 1514 1563 1560 tri-

272 1591 434 1638 cefimo
445 1605 562 1636 anno
575 1589 812 1636 revertitur
829 1589 1041 1636 adlocum
1057 1587 1200 1643 suum,
1211 1586 1314 1634 huic
1327 1603 1437 1651 quae
1448 1586 1562 1633 intra

273 1683 435 1714 annum
457 1666 605 1714 revisit
624 1665 768 1713 sedem
791 1665 924 1712 suam.
944 1666 1048 1712 Non
1070 1666 1125 1712 ad
1144 1681 1271 1712 unam
1293 1677 1446 1711 natura
1468 1663 1562 1710 for-

274 1759 392 1789 mam
412 1757 528 1804 opus
545 1740 667 1787 suum
689 1738 874 1802 praestat
887 1773 902 1796 ‚
921 1739 992 1785 sed
1023 1736 1111 1801 ipsa
1134 1737 1342 1786 varietate
1361 1737 1403 1784 se
1422 1736 1562 1784 iaetat.

274 1814 370 1861 Alia
388 1812 557 1860 maiora
572 1846 585 1869 ,
605 1812 685 1858 alia
700 1810 927 1859 velociora
954 1810 1046 1858 aliis
1061 1807 1166 1858 fecit
1184 1827 1197 1866 3
1217 1807 1297 1856 alia
1316 1809 1531 1865 validiora
1547 1843 1561 1867 ‚

270 1887 352 1934 alia
372 1885 708 1950 temperatiora:
733 1884 946 1948 quaedam
966 1897 1110 1931 autem
1130 1883 1283 1931 eduxit
1300 1899 1323 1930 a
1343 1882 1470 1930 turba
1483 1917 1497 1937 ,
1514 1892 1562 1928 ut

273 1959 438 2022 {iugula
456 1970 497 2006 et
511 1957 744 2021 conspicua
759 1957 1078 2020 procederent3
1096 1955 1308 2019 quaedam
1326 1954 1370 2001 in
1384 1970 1562 2017 gregem

274 2031 400 2078 misit.
420 2034 599 2094 Ignorat
621 2045 797 2076 naturae
830 2028 1072 2092 potentiam
1090 2063 1103 2086 ,
1133 2025 1209 2092 qui
1233 2026 1296 2072 illi
1321 2041 1412 2072 non
1441 2034 1563 2088 putat

271 2105 510 2169 aliquando
527 2105 657 2152 licere
681 2101 758 2150 nifi
779 2104 901 2166 quod
923 2102 1090 2164 saepius
1109 2101 1226 2148 facit.
1245 2098 1454 2148 Cometas
1469 2116 1560 2145 non

272 2178 525 2243 frequenter
544 2177 759 2234 ostendit,
778 2177 977 2223 attribuit
1005 2176 1085 2223 illis
1106 2177 1240 2233 alium
1273 2176 1423 2222 locum
1438 2209 1452 2230 ,
1477 2172 1558 2219 alia

273 2262 478 2311 tempora
492 2283 507 2307 ,
538 2247 758 2294 dissimiles
778 2247 933 2295 ceteris
948 2259 1108 2293 motus.
1128 2246 1285 2292 Voluit
1305 2257 1348 2290 et
1361 2243 1426 2290 his
1440 2258 1560 2305 mag-

274 2320 516 2368 nitudinem
537 2320 686 2384 operis
705 2320 768 2367 sui
802 2317 946 2366 colere
965 2354 978 2377 ‚
1011 2336 1201 2382 quorum
1231 2314 1470 2364 formosior
1495 2315 1560 2361 fa*

273 2393 361 2443 cies
375 2393 435 2442 est
452 2430 468 2455 ,
489 2411 622 2459 quam
639 2406 684 2443 ut
701 2394 927 2443 fortuitam
943 2405 1068 2459 putes
1078 2427 1093 2456 2
1117 2392 1206 2446 five
1226 2389 1558 2457 amplitudinem
