1730 2870
221 144 310 205 246
474 146 524 196 L.
573 142 876 192 ANNAEI
924 146 1280 193 SENECAE

217 252 367 322 aliquo
389 253 484 300 lacu
514 267 764 316 emergunt.
797 255 884 298 Iam
916 253 1011 316 quis
1034 252 1238 318 ignorat,
1259 253 1343 300 effe
1370 271 1505 318 quae-2

217 326 317 376 dam
351 327 497 389 stagna
527 327 615 374 fine
643 325 828 372 fundo?
858 325 1059 385 Quorsus
1087 327 1174 375 hoc
1198 328 1418 391 pertinet?
1445 333 1508 381 Ut

215 413 423 464 appareat
438 435 452 456 ‚
474 400 588 446 hanc
606 400 782 463 magnis
800 398 998 446 amnibus
1019 412 1237 448 aeternam
1258 402 1344 448 effe
1363 415 1507 450 mate·

214 475 353 530 riam,
393 472 519 520 cuius
549 489 643 519 non
680 484 925 536 tanguntur
959 483 1182 532 extreman
1215 474 1322 526 ficut
1358 474 1508 521 flumi-

216 564 322 594 num
344 558 388 593 et
416 544 625 593 fontium„

287 619 396 664 XX.
426 621 483 664 At
512 634 644 680 quare
669 617 801 681 aquis
829 618 958 682 sapor
984 619 1161 667 varius?
1193 630 1374 682 propter
1403 636 1511 682 qua—

215 706 320 737 tuor
347 689 504 737 causas.
534 692 601 736 Ex
633 689 737 736 solo
758 690 900 753 prima
928 690 1014 749 est,
1042 708 1118 753 per
1148 693 1271 754 quod
1299 692 1511 738 feruntur.

215 763 413 809 Secunda
431 795 447 819 ‚
473 779 527 808 ex
544 762 695 812 eadem
725 762 995 809 simulatione
1017 764 1109 810 eius
1141 760 1344 810 nascitur.
1363 764 1512 809 Tertia

214 851 269 881 ex
295 834 479 898 spiritu,
512 835 589 898 qui
615 834 659 879 in
697 851 855 897 aquam
883 832 1210 897 transfiguratus
1236 832 1308 881 est.
1341 835 1513 892 Quarta

215 926 269 956 ex
298 908 447 969 viti0‚
482 900 762 971 quod‘satffpe
794 907 1051 970 concipiunt
1074 919 1309 971 ,corruptae
1338 923 1416 969 per
1443 905 1515 951 in÷

216 982 390 1029 iuriam.
435 983 531 1028 Hae
569 982 723 1031 causae
758 981 958 1043 saporem
999 980 1102 1026 dant
1145 980 1265 1042 aquis
1302 980 1516 1027 varium:

217 1057 299 1102 hae
331 1055 592 1102 medicatam
630 1054 881 1116 potentiam
914 1073 924 1101 ε
957 1055 1038 1102 hae
1073 1070 1252 1117 gravem
1284 1052 1481 1115 spiritum
1501 1085 1517 1108 ‚

218 1129 502 1191 odoremque
516 1126 775 1190 pestiF÷·rum
791 1146 802 1173 τ
816 1129 896 1176 hae
912 1127 1134 1175 levitatem
1150 1125 1517 1188 gravitatemque,

218 1212 291 1247 aut
321 1200 516 1247 calorem
534 1235 549 1258 ‚
580 1212 653 1247 aut
688 1199 871 1245 nimium
900 1199 1107 1261 rigorem.
1137 1196 1337 1254 Interest,
1368 1209 1518 1243 utrum

175 1277 183 1299 x
221 1290 300 1336 per
317 1273 416 1318 loca
435 1272 642 1335 sulphure
664 1309 676 1330 ,
699 1289 752 1318 an
771 1272 913 1327 nitro,
932 1288 986 1317 an
1005 1269 1219 1317 bitumine
1236 1270 1362 1333 plena
1381 1270 1518 1316 trans-

218 1358 334 1392 eant,
362 1347 459 1391 Hac
482 1345 664 1394 ratione
687 1356 942 1407 corruptae,
962 1361 1061 1391 cum
1085 1344 1201 1391 vitae
1218 1342 1417 1406 periculo
1443 1342 1514 1391 bi-

219 1420 399 1468 buntur.
427 1420 550 1466 Hinc
573 1417 715 1476 illud,
740 1419 794 1465 de
814 1434 907 1482 quo
926 1417 1119 1466 Ovidius
1138 1417 1194 1463 ait
1214 1434 1226 1463 ε

289 1529 469 1571 Flumen
500 1527 655 1576 habent
680 1528 872 1581 Cicones,
895 1524 1305 1585 quodpocumfizxea
1327 1523 1458 1568 reddit

295 1601 459 1660 Viscera
474 1633 490 1658 ,
510 1601 624 1661 quod
639 1599 760 1644 caffiis
782 1600 945 1643 inducis
965 1615 1170 1642 marmora
1195 1599 1325 1643 rebus.

227 1708 611 1756 Medicamentum
640 1706 703 1755 est
717 1743 730 1765 ‚
767 1718 810 1752 et
841 1705 933 1752 eius
967 1717 1143 1753 naturae
1176 1706 1308 1752 habet
1341 1705 1493 1752 limum
1507 1740 1521 1762 ‚

228 1800 276 1831 ut
298 1784 490 1845 corpora
510 1796 559 1830 est·
579 1782 820 1847 agglutinet
844 1793 887 1828 et
910 1781 1096 1828 induret.
1128 1781 1522 1841 Quemadmodum

227 1858 498 1905 Puteolanus
518 1858 690 1921 pulvis,
723 1857 754 1903 fi
779 1873 932 1918 aquam
953 1856 1122 1920 attigit,
1148 1856 1292 1901 saxum
1311 1854 1371 1901 est
1389 1872 1400 1900 ε
1420 1854 1475 1900 fic
1497 1872 1522 1901 e

231 1933 462 1982 contrario
484 1934 620 1992 ,haec
640 1942 750 1997 aqua
768 1932 800 1978 fi
819 1931 1006 1977 solidum
1026 1930 1186 1994 tetigit,
1206 1929 1354 1975 haeret
1370 1941 1412 1974 et
1429 1928 1523 1973 affi-

233 2006 364 2070 gitur.
390 2005 502 2054 Inc'ae
526 2007 586 2053 est
600 2043 613 2063 ‚
646 2006 769 2067 quod
785 2021 853 2050 res
872 2003 1060 2050 abie&ae
1076 2003 1122 2048 in
1142 2002 1330 2049 eundem
1350 2002 1490 2047 lacum
1508 2036 1523 2057 ‚

234 2078 431 2141 lapideae
460 2079 641 2126 subinde
665 2078 964 2123 extrahuntur.
991 2074 1128 2133 Quod
1149 2073 1193 2118 in
1214 2073 1330 2119 Italia
1349 2071 1524 2134 quibus-

237 2153 341 2199 dam
357 2151 470 2199 locis
490 2152 639 2199 evenit
653 2188 666 2209 ,
697 2150 784 2197 five
803 2148 973 2211 virgam
990 2182 1004 2205 ,
1021 2147 1109 2193 five
1128 2146 1330 2192 frondem
1351 2146 1524 2191 demer-

240 2225 347 2275 seris
361 2262 375 2283 ,
397 2226 591 2288 lapidem
611 2224 708 2288 post
728 2239 897 2287 paucos
917 2221 1007 2268 dies
1027 2220 1226 2267 extrahis.
1244 2218 1526 2266 Circumfun-

245 2300 364 2346 ditur
383 2299 500 2346 enim
523 2297 705 2360 corpori
718 2298 847 2343 limus
862 2332 874 2353 ‚
899 2294 1174 2356 alliniturque
1189 2291 1411 2355 paulatim.
1426 2292 1527 2335 Hoc

243 2372 389 2418 minus
419 2372 639 2418 videbitur
658 2370 737 2416 tibi
756 2369 916 2415 mirum
929 2401 945 2424 ‚
963 2368 993 2413 fi
1015 2365 1260 2420 notaveris,
1294 2363 1490 2410 Albulam
1508 2394 1524 2416 t„

250 2459 294 2493 et
314 2444 403 2492 fere
421 2445 713 2508 sulphur-atam
732 2460 888 2507 aquam
906 2479 919 2503 ‚
949 2443 1066 2494 circa
1086 2441 1250 2490 canales
1272 2438 1370 2488 suos
1387 2437 1529 2485 rivos*-
