1730 2870
385 104 646 151 NATUR.
695 104 994 163 QUAEST.
1042 104 1161 171 Lm.
1197 104 1271 148 vt.
1380 120 1471 168 329

185 207 288 255 inde
303 224 397 272 quo
419 207 608 255 maxime
623 208 834 270 impactus
851 208 938 265 est,
958 208 1086 255 refilit
1105 226 1115 255 :
1143 221 1184 255 et
1202 221 1275 256 aut
1293 225 1372 271 per
1391 226 1471 256 oc-

143 267 149 283 ’
184 280 297 328 culta
328 281 567 338 dividitur,
598 281 693 344 ipso
725 293 991 328 terraemotu
1022 281 1197 329 rari-tate
1231 282 1368 336 facta,
1397 294 1472 329 aut

184 366 262 413 per
278 367 446 398 novum
468 352 629 398 vulnus
647 352 841 398 emicuit.
863 355 922 398 Ita
943 353 1034 399 eius
1053 352 1122 400 vis
1140 364 1255 399 tanta
1276 369 1366 399 non
1385 369 1472 415 po·-

186 420 265 467 test
291 421 489 469 cohiberi
505 458 518 479 ,
550 439 631 469 nec
648 436 828 470 ventum
847 435 965 469 tenet
988 423 1074 471 ulla
1093 440 1355 487 compages:
1388 423 1473 470 sol-

186 491 251 536 vit
273 492 390 538 enim
416 494 713 556 quodcunque
742 494 996 550 vinculum,
1025 506 1070 541 et
1090 510 1225 541 omne
1251 511 1364 542 onus
1390 494 1474 541 fert

184 562 351 623 secum,
376 565 623 630 infususque
649 583 727 628 per
755 568 939 613 minima
971 567 1265 613 laxamentum
1291 560 1368 614 fibi
1397 584 1473 628 pa-

184 649 273 691 rat,
293 637 508 686 indomita
526 653 702 686 naturae
723 639 918 701 potentia
934 640 1042 686 liber
1057 674 1069 692 ‚
1095 640 1245 703 utique
1277 640 1477 687 concita-

182 721 251 757 tus
268 745 282 767 ‚
308 711 385 758 fibi
412 715 478 759 ius
500 712 622 758 suum
647 712 858 762 vindicat.
887 713 1073 777 Spiritus
1091 729 1204 763 vero
1228 712 1390 763 invicta
1407 729 1476 762 res

184 780 246 829 est
265 799 276 827 :
297 781 404 828 nihil
428 782 547 829 enim
567 782 648 829 erit
668 783 791 847 quod

317 887 538 932 Lai-lantes
556 902 699 932 ventos
712 921 725 942 ,
756 885 1264 953 tempestatesqttesbnoras

318 962 492 1021 Imperio
505 976 667 1021 premat
683 991 696 1015 ‚
721 979 768 1006 ac
790 963 936 1006 vinclis
955 958 997 1007 δ’
1017 978 1168 1007 carcere
1178 961 1357 1021 fraenet.

185 1067 284 1115 Sine
302 1068 441 1115 dubio
466 1068 625 1131 poetae
651 1067 767 1114 hunc
796 1065 1031 1114 voluerant
1050 1064 1191 1112 videri
1222 1079 1439 1112 carcerem
1454 1073 1474 1125 j

185 1140 230 1186 in
251 1155 342 1203 quo
363 1139 438 1186 sub
459 1154 573 1186 terra
594 1139 722 1186 claust
741 1138 936 1185 laterent.
961 1136 1046 1184 Sed
1076 1137 1166 1184 hoc
1189 1152 1282 1183 non
1307 1135 1477 1183 intelle-

188 1225 373 1272 xerunt,
391 1230 472 1260 nec
487 1212 531 1259 id
548 1213 670 1275 quod
689 1212 877 1259 clausum
896 1210 985 1267 est,
1006 1210 1091 1257 effe
1110 1209 1253 1256 adhuc
1273 1219 1473 1257 ventum:

184 1303 264 1334 nec
282 1286 327 1333 id
345 1287 467 1350 quod
494 1298 648 1332 ventus
669 1284 756 1342 est,
786 1283 907 1347 poffe
924 1284 1011 1331 iam
1033 1283 1189 1331 claudi.
1217 1283 1335 1331 Nam
1353 1282 1477 1347 quod

183 1361 227 1408 in
262 1359 409 1408 clauso
437 1359 522 1416 est,
544 1358 758 1423 quiescit,
788 1369 830 1406 et
865 1360 974 1409 aeris
1005 1358 1136 1406 statio
1168 1358 1242 1405 est.
1267 1358 1414 1415 omnis
1431 1357 1479 1405 in

183 1433 289 1497 fuga
308 1446 468 1481 ventus
494 1432 570 1480 est.
597 1432 850 1478 Etiamnum
871 1444 914 1479 et
943 1431 1049 1481 illud
1068 1430 1240 1478 accedit
1259 1430 1324 1476 his
1344 1447 1478 1494 argu-

184 1505 477 1588 mentisxper
510 1505 634 1568 quod
662 1516 899 1567 appareat,
934 1519 1108 1551 motum
1143 1504 1271 1552 effici.
1293 1503 1446 1566 spiritu
1463 1539 1480 1565 ,

185 1578 310 1642 quod
344 1593 539 1638 corpora
574 1592 758 1640 quoque
787 1575 932 1623 nostra
968 1593 1062 1623 non
1095 1576 1217 1625 aliter
1249 1587 1479 1636 tremunt,

184 1666 317 1714 quam
337 1649 367 1695 fi
385 1649 580 1712 spiritum
597 1648 741 1712 aliqua
761 1648 884 1696 causa
904 1649 1140 1697 conturbat
1160 1666 1171 1696 :
1194 1664 1296 1696 cum
1316 1648 1480 1696 timore

185 1723 434 1769 contractus
462 1721 524 1769 est
542 1757 557 1778 ,
590 1739 691 1770 cum
728 1721 944 1769 senectute
978 1721 1245 1786 languescit,
1275 1732 1319 1768 et
1350 1721 1482 1770 venis

186 1795 464 1858 torpentibus
484 1806 680 1851 marcet,
702 1811 803 1841 cum
832 1794 998 1858 frigore
1027 1793 1281 1853 inhibetur,
1311 1805 1384 1841 aut
1401 1795 1480 1842 sub

184 1867 474 1916 accessionem
507 1867 633 1915 cursu
661 1867 741 1914 suo
773 1867 987 1915 deiicitur.
1019 1869 1133 1913 Nam
1158 1867 1369 1931 quamdiu
1391 1867 1480 1916 fine

185 1941 343 1990 iniuria
368 1941 567 2004 perfluit,
595 1954 639 1989 et
662 1959 715 1988 ex
741 1957 868 1988 more
889 1942 1117 2005 procedit,
1140 1941 1283 1988 nullus
1306 1940 1366 1987 est
1392 1952 1479 1987 tre-

186 2030 287 2061 mor
325 2014 518 2078 corpori.
557 2031 659 2062 cum
693 2014 860 2078 aliquid
893 2013 1091 2062 occurrit
1125 2013 1248 2077 quod
1285 2012 1481 2061 inhibeat

177 2087 278 2135 eius
315 2087 510 2135 officium
531 2122 546 2143 ,
580 2102 689 2134 tunc
723 2104 878 2150 parum
915 2099 1075 2150 potens
1110 2086 1380 2150 perferendis
1413 2085 1482 2135 his

187 2176 299 2223 quae
313 2158 394 2206 suo
430 2159 586 2223 vigore
622 2160 827 2218 tenebat,
860 2160 1067 2210 deficiens
1095 2159 1320 2220 concutit,
1341 2159 1479 2224 quide

185 2234 292 2298 quid
312 2233 477 2298 integer
494 2236 661 2281 tulerat.
1019 2269 1021 2271 .
1110 2283 1112 2286 γ
1360 2258 1362 2260 v

254 2308 382 2354 XIX.
417 2308 728 2354 Metrodorum
757 2307 922 2355 Chium
952 2308 1119 2359 necefi'e
1136 2307 1197 2357 est
1216 2307 1442 2357 audiamus
1459 2341 1478 2367 ,

190 2379 313 2445 quod
332 2378 426 2427 vult
456 2380 692 2428 sententiae
709 2380 814 2429 loco
842 2379 1076 2430 dicentem.
1105 2382 1210 2431 Non
1230 2382 1351 2431 enim
1372 2399 1479 2448 per-
