1730 2870
246 125 333 173 186
399 126 448 172 L.
483 124 630 170 ANN.
657 121 786 168 SEN.
819 120 962 167 ΝΑΤ.
995 119 1253 181 QUAEST.
1287 120 1334 165 L.
1364 121 1397 165 1.

240 245 364 281 tanto
395 232 523 279 titulo
550 232 700 276 locum
734 227 865 275 fecit!
900 229 1005 274 Non
1033 227 1201 275 feciffet
1233 226 1316 273 illis
1345 228 1526 274 Senatus

239 308 389 355 dotem
405 342 418 363 ,
438 304 468 350 fi
496 301 748 349 habuiffent.
774 304 831 346 At
847 299 1041 364 quisquis
1066 300 1133 347 ille
1152 300 1231 347 fuit
1248 333 1262 354 ‚
1296 299 1366 347 cui
1386 298 1527 345 soceri

241 381 346 427 loco
386 379 553 424 senatus
591 375 702 432 fuit,
736 373 979 430 intellexit,
1015 373 1056 419 se
1089 372 1300 436 accepiffe
1341 373 1488 419 dotem
1510 404 1524 428 ,

241 470 375 517 quam
407 450 471 498 fas
495 466 586 497 non
623 447 727 495 effet
750 447 949 494 reddere.
980 448 1068 491 Iam
1100 446 1402 510 libertinorum
1431 445 1559 491 vir-2

241 526 439 591 gunculis
479 524 524 569 in
563 539 699 570 unum
735 520 955 584 speculum
993 535 1085 565 non
1118 518 1275 567 sufficit
1307 521 1379 567 illa
1414 520 1525 576 dos,

241 615 373 662 quam
399 596 517 642 dedit
547 595 714 642 senatus
732 609 816 657 pro
835 593 1053 656 Scipione.
1081 592 1292 640 Proceffit
1309 592 1424 639 enim
1445 592 1526 638 im-

242 668 514 725 modestius,
546 666 752 731 paulatim
783 665 942 728 opibus
975 664 1074 727 ipfis
1110 665 1291 712 invitata
1320 665 1488 711 luxuria
1516 685 1526 712 :

241 755 286 789 et
314 741 636 788 incrementum
671 738 821 801 ingens
852 736 958 784 vitia
992 749 1272 799 acceperunt.
1315 738 1529 799 Adeoque

241 814 392 862 omnia
409 812 639 859 indiscreta
661 810 756 857 sunt
778 808 1104 871 perverfiffimis
1123 809 1286 855 artibus
1301 844 1314 866 ,
1335 822 1384 854 ut
1404 808 1530 871 quid·

242 886 351 949 quid
386 884 575 940 mundus
607 882 828 929 muliebris
862 881 1104 928 vocabatur
1122 915 1136 938 ‚
1165 880 1352 927 sarcinae
1381 880 1529 928 viriles

244 961 353 1008 fint:
374 960 518 1006 minus
542 957 673 1016 dico,
699 957 830 1003 etiam
866 956 1084 1003 militares.
1108 958 1195 1001 Iam
1218 955 1435 1017 speculum
1456 970 1530 1000 or-

244 1049 370 1080 natus
399 1043 567 1079 tantum
595 1029 718 1077 causa
744 1029 1021 1087 adhibitum,
1051 1029 1154 1076 nulli
1184 1044 1276 1076 non
1309 1027 1423 1077 vitio
1454 1043 1532 1075 ne-

246 1106 475 1155 ceffarium
506 1103 666 1152 fadum
700 1101 773 1151 est.
