1730 2870
271 152 365 199 ²74
497 139 544 184 L.
596 138 906 183 ANNAEI
955 139 1322 191 SENECAE

264 245 432 309 oppida
458 244 692 292 insularum
710 246 850 292 modo
869 246 1047 294 exstant.
1072 248 1253 295 Nullum
1272 249 1318 296 in
1341 251 1550 298 mediter-

266 320 438 375 raneis,
465 318 542 365 nis:
566 336 643 382 per
672 319 847 383 navigia
868 322 1184 368 commercium
1213 322 1286 369 est.
1314 325 1549 388 Maiorque

264 390 328 438 est
346 392 503 437 laetitia
522 391 747 454 gentibus,
775 409 869 455 quo
890 393 1031 438 minus
1057 406 1270 441 terrarum
1289 395 1458 443 suarum
1480 401 1549 445 vi-

265 467 380 511 dent.
406 464 478 510 Sic
509 481 689 528 quoque
718 482 817 511 cum
849 466 890 511 se
923 465 1034 528 ripis
1062 466 1260 513 continet
1290 468 1441 524 Nilus,
1468 485 1548 532 per

263 538 436 599 septena
458 537 566 582 ostia
586 537 629 583 in
650 554 770 583 mare
789 538 1032 584 emittitur:
1054 538 1353 602 quodcunque
1371 543 1557 605 elegeris?

262 625 318 655 ex
352 608 415 654 his
425 644 439 665 ‚
469 625 589 655 mare
618 609 691 657 est.
718 610 886 656 Multos
917 610 1201 658 nihilominus
1227 612 1443 675 ignobiles
1472 633 1548 663 ra-

263 697 362 729 mos
379 681 426 729 in
449 682 565 728 aliud
584 695 714 745 atque
735 683 850 729 aliud
869 682 969 730 litus
992 683 1190 748 porrigit.
1219 685 1429 734 Ceterum
1449 689 1547 736 bel-

260 756 350 809 luas
365 790 381 813 ,
399 756 576 803 marinis
595 757 668 805 vel
695 758 996 821 magnitudine
1012 759 1084 805 vel
1115 773 1234 804 noxa
1260 775 1410 820 pares,
1436 763 1547 809 edu-

260 842 344 877 cat.
370 830 425 875 Et
451 846 507 877 ex
527 845 583 876 eo
602 842 788 892 quantus
807 831 879 886 fit,
902 830 1116 877 aestimari
1144 831 1309 894 potest,
1339 836 1461 896 quod
1478 836 1545 881 in-

259 902 407 966 gentia
425 902 653 959 animalia,
684 915 728 950 et
758 903 921 965 pabulo
951 903 1210 962 sufficienti,
1237 919 1279 951 et
1301 907 1354 952 ad
1381 924 1546 972 vagan-

260 976 366 1022 dum
391 975 525 1033 loco,
558 975 767 1022 continet.
794 976 993 1023 Balbillus
1020 979 1222 1024 virorum
1255 979 1476 1040 optimus‚
1498 982 1544 1027 in

259 1050 383 1096 omni
413 1050 634 1097 literarum
659 1067 816 1114 genere
848 1051 1112 1108 rarissimus,
1144 1054 1301 1099 audior
1318 1054 1408 1113 est,
1442 1072 1544 1102 cum

259 1123 349 1187 ipse
382 1123 624 1186 praefecius
660 1124 879 1172 obtineret
918 1130 1171 1189 Aegyptum
1193 1163 1205 1185 ,
1234 1128 1544 1176 Heracleotico

260 1198 376 1245 ostio
396 1198 508 1253 Nili,
536 1199 658 1261 quod
682 1198 743 1244 est
763 1198 1026 1253 maximum,
1051 1198 1294 1261 spe&acttlo
1321 1200 1399 1247 fibi
1418 1201 1545 1249 fuiffe

260 1270 572 1332 delphinorum
593 1290 616 1317 a
640 1272 748 1318 mari
766 1273 1118 1330 occurrentium,
1145 1285 1188 1320 et
1207 1274 1541 1323 crocodilorum

259 1363 282 1392 a
304 1346 483 1394 flumine
499 1348 727 1393 adversum
749 1365 905 1410 agmen
929 1348 1150 1410 agentium
1164 1383 1179 1406 ‚
1201 1349 1322 1395 velut
1341 1366 1425 1412 pro
1444 1367 1543 1412 par—

259 1421 378 1466 tibus
412 1420 641 1482 proelium.
672 1420 945 1466 Crocodilos
977 1419 1032 1465 ab
1068 1420 1326 1467 animalibus
1362 1421 1543 1483 placidis

260 1492 495 1553 morsuque
514 1492 708 1539 innoxiis
725 1493 878 1538 victos.
911 1493 989 1538 His
1010 1491 1207 1554 superior
1224 1508 1322 1554 pars
1343 1494 1543 1555 corporis

259 1565 367 1609 dura
387 1577 430 1609 et
449 1563 793 1626 impenetrabilis
811 1562 870 1608 est
894 1562 1024 1618 etiam
1043 1562 1261 1609 maiorum
1288 1562 1542 1612 animalium

259 1636 459 1682 dentibus
477 1654 490 1690 3
509 1650 550 1682 at
571 1636 775 1693 inferior,
802 1635 948 1682 mollis
967 1652 1016 1682 ac
1036 1649 1183 1682 tenera
1205 1653 1216 1681 :
1237 1635 1346 1682 hanc
1371 1636 1542 1699 delphi-

258 1709 302 1755 ni
331 1708 462 1771 spinis
483 1745 495 1765 ,
528 1726 634 1772 quas
661 1709 801 1756 dorso
833 1709 1076 1756 eminentes
1114 1722 1299 1770 gerunt,
1334 1708 1541 1755 submersi

256 1782 564 1839 vulnerabant,
585 1796 627 1829 et
647 1783 690 1829 in
708 1783 936 1830 adversum
955 1782 1072 1830 enixi
1093 1782 1358 1829 dividebant.
1379 1782 1541 1830 Recists

255 1854 345 1901 hoc
371 1855 512 1901 modo
534 1856 726 1917 pluribus
742 1889 756 1910 ‚
788 1855 925 1903 ceteri·
941 1856 1063 1903 velut
1092 1859 1184 1903 acie
1210 1856 1332 1902 versa
1361 1856 1538 1920 refuge-

253 1940 365 1975 runt.
405 1931 551 1990 Fugax
587 1929 744 1975 animal
776 1927 960 1986 audaci,
995 1929 1323 1976 audacissimum
1359 1930 1536 1976 timido.

253 2000 349 2047 Nec
368 2000 467 2047 illos
483 2000 741 2063 Tentyritae
759 2001 929 2065 generis
946 2013 1018 2047 aut
1036 2000 1248 2063 sanguinis
1267 2001 1537 2062 proprietate

252 2072 488 2136 superant,
528 2073 601 2120 sed
634 2086 861 2120 contemtu
890 2086 934 2120 et
961 2074 1217 2120 temeritate.
1253 2074 1387 2120 Ultro
1415 2075 1534 2122 enim

251 2145 565 2210 iniequuntur,
590 2146 896 2210 fugientesque
935 2146 1096 2193 iniecio
1130 2146 1305 2193 trahunt
1342 2146 1500 2209 laqueo
1521 2161 1535 2190 τ

251 2220 449 2284 plerique
465 2234 676 2284 pereunt,
707 2220 863 2283 quibus
893 2220 1038 2267 minus
1062 2221 1261 2282 praesens
1284 2218 1453 2266 animus
1477 2219 1534 2266 ad

250 2292 597 2355 persequendum
613 2293 707 2340 fuit.
719 2293 872 2339 Nilum
892 2292 1128 2355 aliquando
1146 2291 1357 2337 marinam
1375 2306 1532 2353 aquam

243 2366 466 2425 detulisse,
485 2368 811 2430 Theophrastus
830 2366 892 2414 est
908 2367 1072 2412 aucior.
1090 2364 1278 2411 Biennio
1295 2362 1531 2420 continuo,

247 2453 453 2505 regnante
486 2442 752 2507 Cleopatra,
787 2458 882 2488 non
910 2440 1172 2500 ascendisse,
1200 2440 1376 2488 decimo
1406 2439 1529 2502 regni
