1730 2870
238 179 298 228 85
479 182 528 229 L.
577 174 875 228 A‘NN'Affl
921 170 1279 230 'SENECAE

236 288 309 336 via
328 282 705 345 reffiore'‚³--fi*non
723 288 893 337 'vitasset
916 290 1124 356 intelligi,
1160 292 1189 338 fi
1213 309 1304 338 non
1330 291 1458 339 etiam
1478 292 1525 340 in

237 362 441 410 oratione
460 364 699 414 difflueret.·
717 362 902 408 Videbis
928 363 1075 426 itaque
1097 364 1393 428 eloquentiam
1414 365 1526 412 ebrii
1558 355 1566 368 Χ

239 433 434 480 hominis
451 435 720 490 involutam,
741 447 785 480 et
799 445 1013 480 errantem
1030 470 1042 492 ,
1061 447 1104 481 et
1121 435 1317 482 licentiae
1336 437 1528 499 plenam.‘

241 509 473 556 Maecenas
493 509 537 554 in
559 509 674 555 cultu
695 508 787 559 suo}
807 507 931 567 Quid
957 508 1124 570 turpius
1149 526 1302 564 amne,
1325 509 1528 573 silvisque

240 580 338 643 ripa
370 582 646 628 comantibus
662 581 831 628 ?''Vid‘e
860 595 909 628 ut
942 582 1118 629 alveum
1150 583 1349 630 lintribus
1374 595 1530 639 arent,

241 654 461 717 versoque
488 656 611 703 vado
640 655 862 701 remittant
880 655 1050 703 hortos.
1075 656 1201 717 Quid
1225 656 1257 705 fi
1275 657 1374 721 quis
1397 657 1528 707 femi-

243 743 325 773 nae
342 728 459 773 cirro
483 729 719 810 crispante,
746 740 787 774 et
804 729 933 774 labris
956 731 1264 777 columbatur?
1287 732 1534 812 incipitque

246 798 483 862 suspirans,
504 812 554 847 ut
573 793 747 848 cervice
764 800 857 847 laxa
876 800 1052 849 feratur
1071 820 1204 849 nemo
1221 803 1413 867 tyranni.
1433 803 1534 852 irre

245 871 489 920 mediabilis
508 872 642 919 factio
664 872 881 919 ‘rimantur
889 875 1087 934 ‚epulis‚
1107 875 1348 939 lagenaque
1369 882 1537 922 tentant

247 944 436 1001 domos,
466 959 510 992 et
531 945 655 1008 saepe
675 957 867 991 mortem
895 947 1084 1010 exig-unt.
1105 948 1299 994 Genium
1331 948 1442 997 sesto
1463 948 1539 994 vix

249 1016 330 1063 suo
358 1016 559 1075 testem,
590 1017 733 1064 tenuis
762 1018 878 1064 cerei
911 1017 981 1064 fila
1007 1035 1051 1066 et
1079 1035 1306 1080 crepacem
1338 1020 1537 1074 molam,

249 1091 567 1139 focum-mater
595 1107 668 1139 aut
702 1108 818 1138 uxor
849 1092 1102 1140 investiunt.
1128 1094 1239 1140 'Non
1267 1092 1410 1141 statim
1430 1095 1541 1140 haec

250 1181 351 1212 cum
379 1165 531 1230 legeris
548 1202 560 1223 ‚
583 1160 773 1213 h'o'cvtibi
798 1177 1037 1221 occurret,
1058 1167 1175 1213 hunc
1194 1166 1280 1214 efl‘e
1298 1166 1373 1230 qui
1392 1166 1543 1214 solutis

250 1237 414 1285 tunicis
442 1237 488 1285 in
521 1238 628 1286 urbe
657 1236 828 1301 semper
846 1238 1099 1287 incesset-it?
1131 1240 1244 1284 Nam
1276 1240 1407 1286 etiam
1441 1254 1541 1286 cum

252 1314 441 1361 absentis
470 1314 666 1378 partibus
692 1314 886 1361 Caesaris
905 1314 1161 1378 fungeretur
1178 1347 1192 1369 ‚
1219 1314 1386 1378 signum
1414 1330 1437 1359 a
1461 1313 1544 1359 dis-

254 1387 406 1435 cincio
425 1388 670 1450 petebatur.
702 1388 833 1434 Hunc
857 1387 943 1434 effe
962 1389 1038 1449 qui
1070 1388 1113 1433 in
1139 1387 1373 1450 tribunali,
1402 1387 1446 1432 in
1467 1403 1544 1432 ro-

213 1521 215 1527 ,
250 1461 351 1508 stris
364 1497 378 1520 ‚
397 1462 442 1507 in
460 1461 586 1508 omni
604 1460 783 1523 publico
802 1473 935 1509 coetu
956 1461 1014 1508 fic
1032 1460 1285 1523 apparuerit
1304 1496 1317 1523 ‚
1345 1471 1393 1507 ut
1409 1459 1546 1523 pallio

254 1538 477 1586 velaretur
500 1550 630 1598 caput
644 1572 657 1592 ‚
683 1535 864 1582 exclusis
883 1535 1107 1598 utrimque
1125 1535 1298 1581 auribus
1313 1554 1335 1589 ,·
1359 1550 1448 1579 non
1469 1533 1547 1578 ali-

251 1605 328 1657 ter
349 1621 481 1673 quarn
504 1608 548 1654 in
570 1607 716 1654 Mimo
736 1608 898 1654 divites
925 1607 1102 1671 fugitivi
1124 1608 1293 1654 solent?
1314 1609 1445 1653 Hunc
1464 1605 1550 1652 effe

256 1682 362 1740 eui,
398 1681 695 1733 cummaxime
738 1681 942 1729 civilibus
990 1681 1113 1728 bellis
1149 1681 1469 1743 strepentibus,
1505 1693 1552 1744 et

258 1756 435 1806 solicita
455 1756 562 1803 urbe
582 1771 625 1802 et
644 1766 806 1802 armata
821 1791 835 1813 ‚
864 1755 1099 1803 comitatus
1127 1754 1200 1801 hic
1221 1753 1352 1801 fuerit
1371 1753 1415 1799 in
1433 1752 1548 1815 pub-

259 1830 350 1878 lico
372 1847 383 1877 τ
405 1828 621 1893 spadones
653 1829 772 1886 duo,
807 1829 942 1891 magis
976 1839 1123 1875 tamen
1156 1826 1241 1875 viri
1268 1843 1397 1890 quam
1423 1825 1550 1888 ipse?

260 1904 393 1951 Hunc
412 1901 497 1949 effe
515 1934 528 1956 ‚
548 1900 626 1965 qui
648 1916 837 1947 uxorem
857 1900 1012 1946 millies
1033 1900 1185 1946 duxit:
1204 1916 1305 1946 cum
1325 1915 1456 1945 unam
1476 1898 1553 1943 ha-

256 1977 434 2025 buerit?
466 1978 586 2023 Haec
620 1976 755 2022 verba
784 1987 871 2022 tam
901 1974 1108 2037 improbe
1140 1973 1325 2029 structa,
1357 1985 1444 2018 tam
1472 1988 1553 2018 ne-

261 2050 482 2116 gligenter
510 2048 706 2105 abiecla,
740 2059 828 2094 tam
864 2061 1017 2095 contra
1052 2045 1414 2094 consuetudinem
1451 2061 1554 2090 om-

261 2128 387 2174 nium
416 2124 581 2189 posita,
611 2123 874 2179 ostendunt,
905 2138 1053 2168 mores
1079 2137 1259 2183 quoque
1284 2136 1376 2165 non
1411 2119 1555 2164 minus

257 2218 413 2249 'novos
446 2213 488 2247 et
511 2216 703 2262 pravos,
741 2208 784 2244 et
817 2196 843 2241 Γ
849 2197 1046 2259 ngulares
1078 2193 1217 2240 fuiffe.
1240 2193 1436 2239 Maxima
1467 2189 1556 2238 laus

258 2278 325 2326 -illi
343 2276 549 2323 tribuitur
574 2272 945 2320 mansuetudinis.
969 2269 1166 2333 pepercit
1189 2268 1360 2331 gladio,
1390 2264 1558 2328 sangui-

266 2368 322 2398 ne
348 2348 585 2396 abstinuit:
611 2363 694 2394 nec
715 2346 799 2392 ulla
819 2344 900 2391 alia
926 2360 1000 2401 re,
1028 2341 1134 2405 quid
1156 2340 1324 2403 poffet,
1352 2355 1482 2401 quam
1501 2337 1557 2382 li-

269 2423 412 2473 centia
444 2421 648 2470 ostendit.
683 2420 809 2466 Hanc
840 2418 973 2479 ipsam
1006 2416 1178 2463 laudem
1214 2414 1330 2460 suam
1360 2409 1560 2470 corrupit

269 2497 358 2545 istis
378 2494 592 2545 orationis
612 2490 1004 2561 portentosissimae
1026 2488 1206 2539 deliciis.
1226 2489 1421 2552 Apparet
1438 2482 1558 2533 enim
