1730 2870
241 134 332 183 270
473 121 522 171 L.
568 121 873 166 ΑΝΝΑΕι
924 88 1348 184 SENECAE*

238 245 334 276 cam
351 263 365 286 ,
395 244 450 274 ne
479 227 594 292 forte
618 242 817 288 magnam
848 225 1036 272 historiis
1065 226 1148 273 effe
1176 224 1308 273 fidem
1332 223 1513 284 credas,

239 317 284 349 et
313 303 484 364 placere
510 299 589 346 tibi
617 299 796 362 incipias
813 334 827 357 ,
863 300 1062 362 quotiens
1090 300 1363 364 cogitaveris.
1389 302 1514 348 Hanc

238 389 323 436 ego
347 372 487 418 habeo
508 370 586 417 sub
613 386 716 416 meo
733 370 826 416 iure
845 370 1146 432 provinciam,
1170 388 1282 434 quae
1300 371 1513 418 maxima-

239 461 339 491 rum
366 443 542 489 urbium
570 442 784 489 exercitus
800 455 842 487 et
870 441 1062 487 sustinuit
1079 442 1294 505 etfregit,
1325 461 1422 490 cum
1443 443 1513 489 in-

237 526 304 562 ter
322 515 630 577 Carthaginem
649 529 693 560 et
712 516 901 560 Romam
921 514 1105 576 ingentis
1124 514 1223 560 belli
1243 517 1430 577 pretium
1452 517 1514 562 ia-

238 587 355 640 cuit,
379 602 480 632 cum
508 598 697 649 quatuor
721 585 1024 633 Romanorum
1053 586 1300 648 principum
1319 623 1332 646 ,
1360 588 1400 635 id
1424 589 1484 634 est
1497 623 1514 646 ,

239 660 375 708 totius
394 660 568 722 impe-rii
595 660 711 707 vires
738 659 1004 707 contrastas
994 677 1038 704 in
1057 676 1192 705 unum
1211 660 1359 706 locum
1379 661 1515 719 vidit,

238 733 432 796 altamqi.
436 748 459 778 e
473 732 677 794 Pompeii
691 731 912 778 fortunam
931 730 1080 788 erexit,
1095 731 1288 778 Caesaris
1305 731 1514 796 fatigavit,

239 805 397 867 Lepidi
416 803 629 850 transtulit
644 805 967 867 ‚omniumque
987 803 1133 866 cepit.
1123 820 1260 866 quae
1274 804 1363 850 illi
1352 799 1517 868 ingenti

239 876 487 939 ipediaculo
516 875 740 932 interfuit,
771 891 826 921 ex
846 890 937 937 quo
955 874 1120 936 liquere
1146 874 1400 921 mortalibus
1417 875 1518 937 pos-⁴

236 950 318 1008 set,
355 965 488 1012 quam
514 950 651 995 velox
678 949 796 996 foret
824 949 878 995 ad
907 948 1042 994 imum
1074 948 1211 1011 lapsus
1231 965 1284 995 ex
1312 949 1515 1004 summo,

235 1039 456 1086 quamque
482 1022 651 1069 diversa
676 1023 749 1068 via
769 1038 968 1086 magnam
991 1023 1231 1084 potentiam
1249 1022 1425 1068 fortuna
1444 1024 1521 1069 de-

236 1097 430 1143 strueret.
466 1099 576 1144 Uno
603 1096 723 1142 enim
752 1108 955 1158 tempore
980 1094 1091 1144 vidit
1110 1095 1369 1158 Pompeium
1391 1096 1520 1158 Lepi*

235 1173 459 1235 dumque,
491 1187 547 1218 ex
575 1170 773 1216 maximo
800 1169 969 1232 fastigio
1002 1169 1128 1216 aliter
1146 1170 1199 1215 ad
1219 1180 1413 1216 extrema
1443 1169 1520 1215 de-

237 1245 405 1303 iefros,
438 1261 539 1292 cum
575 1244 814 1309 Pompeius
845 1243 1033 1291 alienum
1060 1244 1302 1294 exercitum
1323 1243 1488 1307 sugeret
1504 1280 1520 1306 ,

237 1319 428 1384 Lepidus
452 1318 592 1366 suum.

633 1446 1004 1493 CAPUT
1106 1447 1137 1493 L

242 1538 478 1660 lTAQUE
498 1612 546 1649 ut
565 1617 608 1650 te
625 1612 718 1651 tota
737 1612 882 1648 mente
907 1600 1118 1647 abducam
1132 1635 1145 1657 ‚
1167 1599 1369 1663 quamvis
1389 1601 1524 1648 multa

237 1678 396 1725 habeat
412 1676 558 1724 Sicilia
574 1676 620 1722 in
647 1675 714 1733 se,
734 1674 936 1738 circaque
956 1674 997 1720 se
1016 1673 1228 1720 mirabilia
1244 1708 1257 1731 ‚
1279 1689 1433 1722 omnes
1452 1675 1522 1720 in·-

237 1748 366 1796 1erim
394 1747 651 1810 provinciae
679 1760 780 1792 tuae
799 1744 1071 1808 quaestiones
1098 1745 1375 1806 praeteribo,
1405 1758 1447 1792 et
1476 1746 1522 1792 in

240 1820 465 1869 diversum
487 1818 776 1883 cogitationes
792 1831 885 1864 tuas
901 1817 1150 1863 abstraham.
1165 1819 1385 1877 Quaeram
1406 1819 1523 1865 enim

237 1908 385 1942 tecum
406 1894 449 1939 id
476 1892 599 1955 quod
617 1892 730 1939 libro
752 1890 974 1952 superiore
996 1889 1149 1936 distuli.
1180 1889 1303 1948 Quid
1321 1891 1375 1936 ita
1397 1891 1524 1938 Nilus

238 1964 411 2012 aestivis
441 1963 656 2010 mensibus
691 1962 895 2008 abundet.
930 1960 1017 2007 Cui
1046 1961 1305 2007 Danubium
1343 1962 1522 2009 similem

237 2053 389 2085 natura
408 2036 660 2100 philosophi
684 2035 960 2082 tradiderunt
974 2071 988 2092 ,
1008 2035 1132 2098 quod
1151 2047 1194 2081 et
1213 2034 1347 2082 fontis
1367 2037 1524 2098 ignoti,

236 2127 281 2159 et
301 2111 455 2158 aestate
474 2127 605 2174 quam
624 2109 768 2156 hieme
796 2110 938 2154 maior
955 2107 1013 2154 fit.
1067 2110 1316 2170 Utrumque
1331 2108 1528 2170 apparuit

239 2184 406 2231 falsum.
428 2185 543 2230 Nam
564 2197 607 2229 et
635 2194 767 2244 caput
788 2182 883 2227 eius
904 2182 947 2225 in
968 2180 1205 2227 Germania
1225 2181 1310 2225 effe
1338 2198 1524 2243 compe—

239 2258 378 2303 rimus
397 2272 408 2300 :
435 2268 479 2302 et
500 2254 655 2303 aestate
679 2256 855 2318 quidem
882 2254 1035 2317 incipit
1056 2253 1271 2311 crescere,
1293 2252 1362 2300 sed
1380 2254 1522 2299 adhuc

237 2340 441 2374 manente
470 2327 579 2373 intra
609 2326 853 2373 mensuram
877 2325 995 2372 suam
1029 2325 1135 2371 Nilo
1152 2361 1165 2382 ,
1184 2325 1332 2386 primis
1363 2324 1522 2370 calori-

241 2401 350 2458 bus,
385 2399 577 2466 cumrsol
603 2399 910 2448 veliementior
944 2398 1059 2445 inter
1087 2411 1282 2446 extrema
1305 2397 1419 2445 veris
1448 2396 1517 2449 ni,-
