1730 2870
346 131 624 179 NATUR.
673 129 998 190 QUAEST.
1046 129 1177 174 LlB.
1212 129 1264 173 11.
1359 144 1451 191 219

174 239 320 299 liaria,
354 255 463 304 quae
484 238 727 297 advocata,
759 236 831 285 sed
867 235 1178 286 advocantium
1209 233 1333 281 bono
1369 250 1451 281 ve-

179 314 317 361 niunt.
732 371 739 377 ⁴
1400 344 1411 348 -

238 388 286 433 L.
314 387 493 446 Quanto
532 384 767 447 simplicior
807 384 965 432 divisio
1012 382 1104 440 est,
1137 397 1221 445 qua
1253 380 1453 426 utebatur

176 459 339 504 Attalus
365 458 511 504 noster
527 493 539 513 ,
559 459 767 521 *egregius
795 459 864 503 vir
881 493 894 512 ‚
923 457 998 520 qui
1020 456 1298 502 Etruscorum
1327 452 1454 498 disci-

179 531 337 594 plinam
374 534 543 578 Graeca
579 530 808 576 subtilitate
838 530 1080 576 miscuerat.
1117 529 1184 572 Ex
1204 525 1456 572 fulminibus

172 603 382 664 quaedam
403 602 499 649 sunt
520 636 534 657 ‚
556 619 664 666 quae
690 601 930 665 significant
951 601 995 645 id
1014 600 1135 662 quod
1162 598 1216 643 ad
1245 613 1327 642 nos
1354 612 1454 658 per-

173 675 313 722 tinet:
343 677 552 739 quaedam
586 687 656 721 aut
690 675 797 720 nihil
831 671 1069 737 significant
1089 707 1102 728 ‚
1140 685 1216 715 aut
1247 669 1293 714 id
1328 668 1453 715 cuius

174 747 410 795 intellectus
440 749 492 794 ad
521 765 600 794 nos
621 763 715 793 non
741 746 960 809 pervenit.
994 748 1058 791 Ex
1091 743 1286 804 hisquae
1319 741 1454 803 figni-

173 818 331 876 ficant‚
350 822 560 885 quaedam
579 820 674 866 sunt
700 821 805 866 laeta
824 855 837 876 ‚
859 817 1074 882 quaedam
1093 814 1271 863 adversa
1286 846 1299 869 ‚
1322 830 1458 877 quae-

173 896 273 941 dam
305 914 383 944 nec
400 896 578 942 adversa
610 913 691 942 nec
711 896 832 942 laeta.
856 893 1157 941 Adversorum
1186 892 1267 938 hae
1286 890 1451 953 species

175 969 283 1016 sunt.
314 975 402 1017 Aut
425 970 696 1017 inevitabilia
730 971 838 1016 mala
870 968 1174 1032 portendunt,
1210 980 1284 1012 aut
1319 964 1459 1011 evita-

173 1044 276 1090 bilia
295 1081 308 1102 ‚
337 1057 411 1091 aut
428 1061 538 1108 quae
566 1043 702 1090 minui
732 1043 906 1105 poffunt
924 1079 936 1101 ‚
972 1054 1044 1088 aut
1075 1058 1183 1105 quae
1213 1039 1461 1102 prorogari.

174 1117 303 1161 Laeta
340 1129 412 1161 aut
458 1116 656 1161 mansura
693 1113 966 1178 fignificant,
1000 1130 1076 1161 aut
1113 1115 1290 1161 caduca.
1319 1113 1461 1158 Mixta

175 1200 249 1234 aut
276 1203 441 1249 partem
463 1189 622 1236 habent
652 1189 758 1234 boni
777 1224 790 1244 ‚
820 1203 988 1248 partem
1020 1187 1121 1233 mali
1143 1203 1157 1241 3
1182 1201 1254 1231 aut
1285 1185 1459 1232 malain

175 1260 373 1316 bonum,
401 1272 472 1305 aut
500 1259 616 1305 bona
648 1258 691 1304 in
722 1259 884 1304 malum
922 1274 1112 1305 vertunt.
1147 1259 1240 1303 Nec
1280 1256 1459 1304 adversa

174 1349 256 1380 nec
291 1332 543 1389 laetatum,
563 1348 673 1394 quae
707 1331 894 1393 aliquam
929 1333 1056 1378 nobis
1084 1332 1299 1378 aelionem
1328 1331 1463 1395 signi-2

175 1404 307 1450 ficant
325 1441 337 1460 ‚
366 1420 449 1467 qua
474 1421 554 1450 nec
578 1404 728 1450 terreri
759 1421 840 1450 nec
871 1403 1019 1450 laetari
1047 1405 1278 1451 debemus:
1313 1418 1359 1450 ut
1380 1420 1461 1465 pe-

174 1478 515 1539 regrinationem
560 1476 605 1523 in
637 1494 721 1541 qua
752 1495 833 1528 nec
866 1492 1039 1533 metus,
1072 1494 1153 1524 nec
1187 1477 1275 1539 spei
1323 1476 1459 1540 quid-

175 1566 306 1613 quam
341 1551 402 1598 fit.

242 1624 306 1668 Ll.
332 1624 546 1670 Revertar
577 1624 632 1671 ad
657 1641 706 1670 ea
734 1623 943 1678 fulmina,
965 1640 1078 1687 quae
1105 1621 1342 1687 significant
1361 1622 1459 1686 qui-

175 1698 277 1744 dem
312 1698 473 1761 aliquid
494 1735 508 1756 ‚
545 1700 615 1745 sed
642 1700 762 1761 quod
798 1700 852 1746 ad
876 1717 955 1746 nos
984 1715 1074 1745 non
1108 1699 1333 1761 pertineat.
1365 1711 1461 1744 tan-

177 1787 309 1832 quam
331 1806 343 1827 ,
377 1785 524 1817 utrum
559 1773 718 1818 eodem
755 1788 872 1817 anno
908 1772 1022 1818 idem
1067 1770 1259 1818 futurum
1294 1770 1342 1817 fit
1371 1769 1460 1816 ful-

176 1859 279 1888 men
301 1878 314 1900 ,
353 1845 475 1906 quod
514 1844 670 1891 fatuum
705 1844 779 1892 est.
823 1844 941 1890 Nihil
976 1842 1215 1907 significant
1247 1842 1461 1899 fulmina,

175 1927 250 1961 aut
280 1916 325 1962 id
356 1918 480 1963 cuius
514 1917 666 1964 notitia
692 1934 773 1981 nos
799 1917 983 1981 effugit:
1011 1930 1058 1963 ut
1094 1916 1167 1962 illa
1188 1932 1297 1979 quae
1317 1916 1361 1961 in
1381 1932 1462 1961 va-

176 1986 287 2032 stum
322 2005 441 2034 mare
465 1989 741 2051 sparguntur,
777 2004 851 2037 aut
881 1991 925 2036 in
965 1990 1150 2037 desertas
1181 1989 1460 2035 solitudines:

179 2075 372 2121 quorum
403 2060 662 2123 significatio
696 2064 770 2111 vel
799 2063 909 2108 nulla
936 2063 1019 2119 est,
1043 2063 1115 2108 vel
1148 2061 1272 2124 perit.

244 2134 328 2178 LlI.
368 2134 506 2179 Pauca
541 2135 681 2181 adhue
722 2135 924 2181 adiiciam
957 2136 1011 2182 ad
1047 2136 1334 2182 enarrandam
1366 2134 1458 2183 vim

177 2203 368 2251 fulminis
386 2241 398 2261 ‚
430 2223 540 2268 quae
561 2224 650 2253 non
685 2210 844 2255 eodem
871 2209 1010 2254 modo
1030 2225 1208 2254 omnem
1232 2207 1456 2255 materiam

178 2289 325 2322 vexat.
356 2278 638 2336 Valentiora,
666 2281 764 2343 quia
793 2281 1010 2335 resistunt,
1041 2280 1347 2327 vehementius
1372 2280 1459 2327 dis-

178 2349 285 2411 fipat
303 2367 313 2395 :
332 2351 528 2397 cedentia
551 2369 864 2414 nonnunquam
885 2352 970 2399 fine
990 2352 1146 2398 iniuria
1164 2352 1322 2400 transit.
1343 2354 1458 2400 Cum

179 2423 323 2488 lapide
342 2423 582 2496 ferroque,
616 2438 659 2474 et
686 2425 918 2474 duriffimis
947 2426 1216 2491 quibusque,
1237 2427 1461 2491 confligit:
