1730 2870
404 106 660 160 NATUR.
709 111 1000 170 QUAEST.
1051 113 1163 158 ΗΒ.
1196 115 1245 158 11.
1365 130 1450 180 205

184 228 306 278 parte
320 214 482 262 sincera
504 231 698 277 puraque
714 213 827 261 coeli
848 213 1034 260 visatur:
1051 213 1124 260 sed
1143 213 1190 260 fit
1210 215 1253 261 in
1274 215 1457 265 sordida.

249 289 442 334 XXVII.
471 287 692 332 ‘fonitrua
723 285 955 332 distinxere
983 285 1156 349 quidam
1191 286 1249 333 ita
1267 322 1280 345 ,
1311 303 1361 334 ut
1394 289 1460 335 di-

184 373 335 408 cerent
355 395 366 417 ‚
390 376 525 406 unum
556 360 643 406 effe
671 376 833 423 genus,
867 359 988 406 cuius
1017 356 1066 405 fit
1085 377 1215 423 grave
1237 379 1462 419 murmur,

185 434 309 495 quale
338 447 550 479 terrarum
590 446 760 478 motum
799 434 1048 488 antecedit,
1075 435 1218 479 clauso
1245 450 1383 482 vento
1420 448 1464 483 et

184 501 414 550 fremente.
442 506 540 551 Hoc
563 505 795 566 quomodo
816 504 899 548 illis
928 504 1127 549 videatur
1154 504 1271 562 fieri,
1307 506 1464 553 dicam.

187 574 303 619 Cum
341 574 539 637 spiritum
567 574 677 620 intra
712 574 753 619 se
785 573 969 620 clausere
990 575 1150 632 nubes,
1180 576 1224 621 in
1257 580 1464 627 concavis

183 646 378 708 partibus
407 661 553 693 earum
579 647 800 694 volutatus
828 647 901 692 a'e'r
920 678 934 701 ‚
970 645 1148 692 fimilem
1177 648 1261 710 agit
1285 651 1465 713 mugiti-

186 721 268 767 bus
300 720 452 767 sonum
481 757 496 777 ,
531 738 713 767 raucum
745 735 788 766 et
819 722 1039 784 aequalem
1067 754 1081 776 ‚
1115 734 1158 767 et
1192 724 1464 787 continuum.

188 794 335 856 Itaque
359 795 489 840 etiam
508 795 582 840 ubi
611 795 680 840 illa
712 793 836 856 regio
853 794 1026 840 humida
1046 795 1134 851 est,
1165 797 1327 844 exitum
1346 799 1465 846 clau-

189 867 266 913 dit.
295 869 398 914 Ideo
420 869 670 914 huiusmodi
700 869 887 914 tonitrua
906 870 1084 915 venturi
1115 873 1367 932 praenuntia
1386 874 1466 920 im-

178 940 278 986 bris
310 942 416 987 sunt.
448 942 579 987 Aliud
615 959 749 1004 genus
772 941 832 987 est
859 958 976 998 acre,
1006 945 1127 1005 quod
1148 945 1352 992 acerbum
1372 964 1466 993 ma-

190 1018 253 1077 gis
282 1015 464 1061 dixerim
489 1052 502 1070 ,
528 1032 658 1078 quam
688 1016 928 1061 sonorum:
967 1016 1139 1078 qualem
1174 1018 1322 1065 audire
1355 1019 1467 1067 sole-

192 1105 286 1135 mus
305 1121 318 1143 ,
341 1106 440 1134 cum
486 1090 611 1150 super
642 1101 774 1150 caput
806 1089 981 1135 alicuius
1017 1090 1186 1153 dirupta
1228 1092 1367 1140 vesica
1395 1094 1468 1142 est.

191 1158 311 1204 Talia
347 1161 534 1205 eduntur
559 1160 751 1206 tonitrua
769 1195 782 1217 ‚
812 1177 911 1207 cum
923 1151 1101 1223 {globata
1121 1161 1369 1210 dissolvitur
1387 1183 1467 1211 nu-

190 1231 294 1287 bes,
324 1249 365 1277 et
388 1232 612 1293 spiritum,
640 1249 730 1295 quo
757 1232 939 1278 distenta
967 1232 1108 1279 fuerat
1126 1265 1139 1288 ‚
1160 1235 1333 1282 emittit.
1366 1237 1467 1286 Hoc

191 1305 368 1366 proprie
401 1307 549 1368 fragor
588 1305 773 1360 dicitur,
811 1304 973 1352 subitus
1007 1317 1049 1352 et
1075 1307 1341 1355 vehemens:
1375 1326 1468 1372 quo
1513 1352 1516 1354 .

192 1375 312 1421 edito
344 1376 581 1422 concidunt
611 1375 839 1431 homines,
866 1391 908 1423 et
927 1376 1228 1425 exanimantur
1248 1414 1260 1436 ,
1290 1380 1467 1442 quidam

193 1467 302 1496 vero
332 1451 426 1498 vivi
461 1450 659 1513 stupent,
686 1462 729 1497 et
763 1449 809 1496 in
828 1461 972 1497 totum
998 1450 1075 1496 fibi
1099 1451 1336 1509 excidunt,
1356 1471 1469 1518 quos

195 1539 405 1568 vocamus
439 1523 674 1580 attonitos,
702 1539 894 1584 quorum
929 1535 1091 1571 mentes
1112 1525 1240 1572 sonus
1264 1525 1334 1572 ille
1363 1545 1470 1575 coe-

195 1595 305 1640 hstis
336 1595 439 1642 loco
464 1596 645 1658 pepulit.
675 1596 758 1641 Hic
788 1594 880 1641 fieri
913 1594 991 1641 illo
1014 1612 1194 1660 quoque
1225 1598 1364 1644 modo
1390 1615 1469 1660 po-

195 1667 543 1723 test‚uti11clusus
560 1669 632 1714 aiir
649 1683 758 1715 cava
776 1668 892 1714 nube
912 1679 954 1713 et
971 1679 1094 1714 motu
1108 1668 1202 1731 ipso
1217 1684 1470 1719 extenuatus

196 1740 471 1787 diffimdatur.
509 1740 686 1788 Deinde
704 1758 804 1788 cum
831 1740 1042 1787 maiorem
1075 1742 1152 1787 fibi
1171 1742 1316 1789 locum
1342 1761 1473 1806 quae-

195 1813 277 1870 rit,
301 1831 325 1859 a
354 1815 510 1876 quibus
533 1814 755 1861 involutus
776 1813 859 1870 est,
882 1813 1035 1860 sonum
1068 1815 1236 1877 patitur.
1259 1817 1381 1876 Quid
1400 1834 1471 1864 au-

196 1893 317 1935 tem?
342 1905 432 1934 non
453 1889 828 1952 quemadmodum
848 1887 976 1934 illisae
995 1905 1147 1935 manus
1163 1889 1275 1937 inter
1291 1891 1332 1937 se
1352 1892 1472 1953 plau-

198 1961 290 2006 sum
321 1961 483 2017 edunt,
517 1960 574 2007 fic
592 1960 793 2006 illisarum
822 1960 933 2006 inter
962 1959 1003 2006 se
1030 1961 1211 2006 nubium
1238 1962 1365 2009 sonus
1385 1981 1470 2026 po-

199 2032 278 2079 test
302 2032 386 2078 esse
416 2049 594 2095 magnus
613 2065 627 2088 ‚
661 2032 760 2096 quia
793 2047 950 2094 magna
976 2034 1278 2080 concurrunt?

264 2105 477 2150 XXVIII.
500 2105 736 2161 Videmus,
762 2105 934 2167 inquit,
959 2105 1094 2152 nubes
1127 2104 1311 2168 impingi
1342 2123 1474 2155 mon-

201 2178 340 2235 tibus,
367 2194 446 2224 nec
472 2177 759 2224 sonum‘fieri.
780 2178 977 2223 Primum
1010 2178 1210 2223 omnium
1246 2195 1335 2225 non
1362 2197 1475 2244 quo-

200 2265 373 2310 cunque
405 2247 544 2293 modo
569 2247 699 2293 illisae
728 2247 823 2292 sunt
841 2278 855 2300 ‚
877 2247 1057 2304 sonant,
1090 2246 1162 2293 sed
1191 2246 1219 2292 {i
1257 2261 1354 2310 apte
1382 2253 1478 2300 sunt

203 2320 470 2382 compofitae
511 2320 564 2365 ad
609 2319 762 2365 sonum
798 2319 1029 2365 edendum.
1068 2320 1253 2367 Aversae
1289 2322 1402 2369 inter
1435 2323 1476 2371 se

202 2409 355 2440 manus
387 2391 558 2441 collisae
591 2407 683 2438 non
708 2391 915 2454 plaudunt
934 2427 951 2448 ,
987 2392 1060 2440 sed
1089 2392 1232 2456 palma
1263 2410 1362 2441 cum
1385 2396 1476 2457 pal-2
