<?xml version="1.0" encoding="UTF-8"?>
<!DOCTYPE html PUBLIC "-//W3C//DTD XHTML 1.0 Transitional//EN"
    "http://www.w3.org/TR/xhtml1/DTD/xhtml1-transitional.dtd">
<html xmlns="http://www.w3.org/1999/xhtml" xml:lang="en" lang="en">
 <head>
  <title>
</title>
<meta http-equiv="Content-Type" content="text/html;charset=utf-8" />
  <meta name='ocr-system' content='tesseract 3.04.00' />
  <meta name='ocr-capabilities' content='ocr_page ocr_carea ocr_par ocr_line ocrx_word'/>
</head>
<body>
  <div class='ocr_page' id='page_1' title='image "./lannaeisenecaeph04seneuoft_0129.png"; bbox 0 0 1730 2870; ppageno 0'>
   <div class='ocr_carea' id='block_1_1' title="bbox 490 160 1416 232">
    <p class='ocr_par' dir='ltr' id='par_1_1' title="bbox 490 160 1416 232">
     <span class='ocr_line' id='line_1_1' title="bbox 490 160 1416 232; baseline -0.003 -26"><span class='ocrx_word' id='word_1_1' title='bbox 490 160 1071 232; x_wconf 72' lang='lat' dir='ltr'>EPtSTOLAE.</span> <span class='ocrx_word' id='word_1_2' title='bbox 1335 174 1416 219; x_wconf 80' lang='lat'>¹23</span> 
     </span>
    </p>
   </div>
   <div class='ocr_carea' id='block_1_2' title="bbox 71 264 1428 2510">
    <p class='ocr_par' dir='ltr' id='par_1_2' title="bbox 71 264 1428 2510">
     <span class='ocr_line' id='line_1_2' title="bbox 138 264 1420 333; baseline -0.006 -16"><span class='ocrx_word' id='word_1_3' title='bbox 138 287 229 333; x_wconf 81' lang='lat' dir='ltr'>non</span> <span class='ocrx_word' id='word_1_4' title='bbox 261 268 382 316; x_wconf 86' lang='lat' dir='ltr'>aliter</span> <span class='ocrx_word' id='word_1_5' title='bbox 407 285 537 331; x_wconf 88' lang='lat' dir='ltr'>quam</span> <span class='ocrx_word' id='word_1_6' title='bbox 567 268 610 313; x_wconf 88' lang='lat' dir='ltr'>in</span> <span class='ocrx_word' id='word_1_7' title='bbox 643 267 833 314; x_wconf 89' lang='lat' dir='ltr'>tenebris</span> <span class='ocrx_word' id='word_1_8' title='bbox 861 268 1005 313; x_wconf 90' lang='lat' dir='ltr'>lumen</span> <span class='ocrx_word' id='word_1_9' title='bbox 1037 264 1191 312; x_wconf 83' lang='lat' dir='ltr'>effulfit</span> <span class='ocrx_word' id='word_1_10' title='bbox 1216 281 1228 311; x_wconf 70' lang='grc' dir='ltr'><em>ε</em></span> <span class='ocrx_word' id='word_1_11' title='bbox 1257 264 1420 310; x_wconf 86' lang='lat' dir='ltr'>adver-</span> 
     </span>
     <span class='ocr_line' id='line_1_3' title="bbox 71 334 1422 405; baseline -0.004 -16"><span class='ocrx_word' id='word_1_12' title='bbox 71 334 105 396; x_wconf 65' lang='lat'>51·⁵</span> <span class='ocrx_word' id='word_1_13' title='bbox 124 342 278 405; x_wconf 62' lang='lat' dir='ltr'>&#39;&#39;titque</span> <span class='ocrx_word' id='word_1_14' title='bbox 303 342 346 386; x_wconf 90' lang='lat' dir='ltr'>in</span> <span class='ocrx_word' id='word_1_15' title='bbox 371 340 411 386; x_wconf 92' lang='lat' dir='ltr'>se</span> <span class='ocrx_word' id='word_1_16' title='bbox 442 340 641 385; x_wconf 89' lang='lat' dir='ltr'>omnium</span> <span class='ocrx_word' id='word_1_17' title='bbox 670 340 867 397; x_wconf 85' lang='lat' dir='ltr'>animos,</span> <span class='ocrx_word' id='word_1_18' title='bbox 899 357 998 386; x_wconf 88' lang='lat' dir='ltr'>cum</span> <span class='ocrx_word' id='word_1_19' title='bbox 1030 338 1133 384; x_wconf 81' lang='lat' dir='ltr'>effet</span> <span class='ocrx_word' id='word_1_20' title='bbox 1163 337 1356 400; x_wconf 77' lang='lat' dir='ltr'>placidus</span> <span class='ocrx_word' id='word_1_21' title='bbox 1378 351 1422 383; x_wconf 90' lang='lat' dir='ltr'>et</span> 
     </span>
     <span class='ocr_line' id='line_1_4' title="bbox 139 412 1420 475; baseline -0.004 -14"><span class='ocrx_word' id='word_1_22' title='bbox 139 416 274 470; x_wconf 85' lang='lat' dir='ltr'>lenis,</span> <span class='ocrx_word' id='word_1_23' title='bbox 308 425 350 460; x_wconf 90' lang='lat' dir='ltr'>et</span> <span class='ocrx_word' id='word_1_24' title='bbox 382 413 583 460; x_wconf 82' lang='lat' dir='ltr'>humanis</span> <span class='ocrx_word' id='word_1_25' title='bbox 614 412 860 475; x_wconf 85' lang='lat' dir='ltr'>divinisque</span> <span class='ocrx_word' id='word_1_26' title='bbox 897 414 1024 460; x_wconf 87' lang='lat' dir='ltr'>rebus</span> <span class='ocrx_word' id='word_1_27' title='bbox 1055 412 1216 475; x_wconf 86' lang='lat' dir='ltr'>pariter</span> <span class='ocrx_word' id='word_1_28' title='bbox 1247 427 1420 473; x_wconf 82' lang='lat' dir='ltr'>aequus.</span> 
     </span>
     <span class='ocr_line' id='line_1_5' title="bbox 138 483 1422 548; baseline -0.004 -16"><span class='ocrx_word' id='word_1_29' title='bbox 138 486 336 532; x_wconf 79' lang='lat' dir='ltr'>Habebat</span> <span class='ocrx_word' id='word_1_30' title='bbox 359 483 598 548; x_wconf 58' lang='lat' dir='ltr'>perfeClum</span> <span class='ocrx_word' id='word_1_31' title='bbox 619 484 812 529; x_wconf 87' lang='lat' dir='ltr'>animum</span> <span class='ocrx_word' id='word_1_32' title='bbox 829 517 843 539; x_wconf 91' lang='lat'>‚</span> <span class='ocrx_word' id='word_1_33' title='bbox 864 485 916 530; x_wconf 85' lang='lat' dir='ltr'>ad</span> <span class='ocrx_word' id='word_1_34' title='bbox 943 484 1155 531; x_wconf 85' lang='lat' dir='ltr'>summam</span> <span class='ocrx_word' id='word_1_35' title='bbox 1176 483 1237 530; x_wconf 89' lang='lat' dir='ltr'>sui</span> <span class='ocrx_word' id='word_1_36' title='bbox 1257 483 1422 531; x_wconf 85' lang='lat' dir='ltr'>adduc-</span> 
     </span>
     <span class='ocr_line' id='line_1_6' title="bbox 83 556 1419 624; baseline -0.002 -21"><span class='ocrx_word' id='word_1_37' title='bbox 83 620 90 624; x_wconf 24' lang='lat'><em>*</em></span> <span class='ocrx_word' id='word_1_38' title='bbox 139 570 231 614; x_wconf 85' lang='lat' dir='ltr'>tus,</span> <span class='ocrx_word' id='word_1_39' title='bbox 256 558 381 620; x_wconf 87' lang='lat' dir='ltr'>supra</span> <span class='ocrx_word' id='word_1_40' title='bbox 404 574 533 620; x_wconf 85' lang='lat' dir='ltr'>quam</span> <span class='ocrx_word' id='word_1_41' title='bbox 557 557 660 602; x_wconf 86' lang='lat' dir='ltr'>nihil</span> <span class='ocrx_word' id='word_1_42' title='bbox 681 556 741 602; x_wconf 88' lang='lat' dir='ltr'>est</span> <span class='ocrx_word' id='word_1_43' title='bbox 760 556 835 602; x_wconf 81' lang='lat' dir='ltr'>nisi</span> <span class='ocrx_word' id='word_1_44' title='bbox 862 572 982 601; x_wconf 87' lang='lat' dir='ltr'>mens</span> <span class='ocrx_word' id='word_1_45' title='bbox 1003 556 1118 612; x_wconf 84' lang='lat' dir='ltr'>Dei,</span> <span class='ocrx_word' id='word_1_46' title='bbox 1140 573 1195 601; x_wconf 86' lang='lat' dir='ltr'>ex</span> <span class='ocrx_word' id='word_1_47' title='bbox 1216 572 1301 619; x_wconf 89' lang='lat' dir='ltr'>qua</span> <span class='ocrx_word' id='word_1_48' title='bbox 1321 570 1419 616; x_wconf 83' lang='lat' dir='ltr'>pars</span> 
     </span>
     <span class='ocr_line' id='line_1_7' title="bbox 137 627 1419 690; baseline -0.003 -15"><span class='ocrx_word' id='word_1_49' title='bbox 137 645 181 676; x_wconf 86' lang='lat' dir='ltr'>et</span> <span class='ocrx_word' id='word_1_50' title='bbox 213 629 256 674; x_wconf 86' lang='lat' dir='ltr'>in</span> <span class='ocrx_word' id='word_1_51' title='bbox 290 629 378 675; x_wconf 92' lang='lat' dir='ltr'>hoc</span> <span class='ocrx_word' id='word_1_52' title='bbox 402 630 549 690; x_wconf 65' lang='lat' dir='ltr'>peElus</span> <span class='ocrx_word' id='word_1_53' title='bbox 576 628 761 674; x_wconf 81' lang='lat' dir='ltr'>mortale</span> <span class='ocrx_word' id='word_1_54' title='bbox 786 627 969 673; x_wconf 80' lang='lat' dir='ltr'>defluxit</span> <span class='ocrx_word' id='word_1_55' title='bbox 998 645 1008 673; x_wconf 90' lang='lat'>:</span> <span class='ocrx_word' id='word_1_56' title='bbox 1042 628 1163 690; x_wconf 88' lang='lat' dir='ltr'>quod</span> <span class='ocrx_word' id='word_1_57' title='bbox 1195 643 1419 690; x_wconf 86' lang='lat' dir='ltr'>nunquam</span> 
     </span>
     <span class='ocr_line' id='line_1_8' title="bbox 142 698 1423 764; baseline -0.002 -17"><span class='ocrx_word' id='word_1_58' title='bbox 142 701 277 763; x_wconf 83' lang='lat' dir='ltr'>magis</span> <span class='ocrx_word' id='word_1_59' title='bbox 303 701 503 748; x_wconf 88' lang='lat' dir='ltr'>divinum</span> <span class='ocrx_word' id='word_1_60' title='bbox 525 700 611 758; x_wconf 90' lang='lat' dir='ltr'>est,</span> <span class='ocrx_word' id='word_1_61' title='bbox 631 717 761 764; x_wconf 85' lang='lat' dir='ltr'>quam</span> <span class='ocrx_word' id='word_1_62' title='bbox 787 700 860 746; x_wconf 91' lang='lat' dir='ltr'>ubi</span> <span class='ocrx_word' id='word_1_63' title='bbox 879 700 1187 757; x_wconf 79' lang='lat' dir='ltr'>mortalitatem</span> <span class='ocrx_word' id='word_1_64' title='bbox 1208 698 1323 745; x_wconf 89' lang='lat' dir='ltr'>suam</span> <span class='ocrx_word' id='word_1_65' title='bbox 1345 714 1423 745; x_wconf 92' lang='lat' dir='ltr'>co·</span> 
     </span>
     <span class='ocr_line' id='line_1_9' title="bbox 142 770 1420 837; baseline -0.004 -16"><span class='ocrx_word' id='word_1_66' title='bbox 142 775 276 837; x_wconf 79' lang='lat' dir='ltr'>girat,</span> <span class='ocrx_word' id='word_1_67' title='bbox 297 789 339 822; x_wconf 89' lang='lat' dir='ltr'>et</span> <span class='ocrx_word' id='word_1_68' title='bbox 357 775 434 821; x_wconf 89' lang='lat' dir='ltr'>scit</span> <span class='ocrx_word' id='word_1_69' title='bbox 452 775 497 821; x_wconf 87' lang='lat' dir='ltr'>in</span> <span class='ocrx_word' id='word_1_70' title='bbox 525 775 611 820; x_wconf 93' lang='lat' dir='ltr'>hoc</span> <span class='ocrx_word' id='word_1_71' title='bbox 630 784 779 819; x_wconf 87' lang='lat' dir='ltr'>natum</span> <span class='ocrx_word' id='word_1_72' title='bbox 807 773 1032 819; x_wconf 86' lang='lat' dir='ltr'>hominem</span> <span class='ocrx_word' id='word_1_73' title='bbox 1047 809 1060 830; x_wconf 86' lang='lat'>,</span> <span class='ocrx_word' id='word_1_74' title='bbox 1079 787 1127 819; x_wconf 91' lang='lat' dir='ltr'>ut</span> <span class='ocrx_word' id='word_1_75' title='bbox 1150 772 1242 818; x_wconf 84' lang='lat' dir='ltr'>vita</span> <span class='ocrx_word' id='word_1_76' title='bbox 1263 770 1420 817; x_wconf 85' lang='lat' dir='ltr'>defun-</span> 
     </span>
     <span class='ocr_line' id='line_1_10' title="bbox 139 843 1421 908; baseline -0.002 -16"><span class='ocrx_word' id='word_1_77' title='bbox 139 862 344 908; x_wconf 86' lang='lat' dir='ltr'>geretur:</span> <span class='ocrx_word' id='word_1_78' title='bbox 364 863 444 894; x_wconf 89' lang='lat' dir='ltr'>nec</span> <span class='ocrx_word' id='word_1_79' title='bbox 462 847 644 893; x_wconf 86' lang='lat' dir='ltr'>domum</span> <span class='ocrx_word' id='word_1_80' title='bbox 666 846 750 892; x_wconf 83' lang='lat' dir='ltr'>effe</span> <span class='ocrx_word' id='word_1_81' title='bbox 768 845 854 892; x_wconf 90' lang='lat' dir='ltr'>hoc</span> <span class='ocrx_word' id='word_1_82' title='bbox 871 862 1029 908; x_wconf 84' lang='lat' dir='ltr'>corpus</span> <span class='ocrx_word' id='word_1_83' title='bbox 1042 878 1055 900; x_wconf 94' lang='lat'><strong>‚</strong></span> <span class='ocrx_word' id='word_1_84' title='bbox 1076 846 1146 892; x_wconf 90' lang='lat' dir='ltr'>sed</span> <span class='ocrx_word' id='word_1_85' title='bbox 1168 843 1421 907; x_wconf 79' lang='lat' dir='ltr'>hospitium,</span> 
     </span>
     <span class='ocr_line' id='line_1_11' title="bbox 142 917 1422 982; baseline -0.001 -20"><span class='ocrx_word' id='word_1_86' title='bbox 142 930 187 962; x_wconf 90' lang='lat' dir='ltr'>et</span> <span class='ocrx_word' id='word_1_87' title='bbox 222 917 399 980; x_wconf 86' lang='lat' dir='ltr'>quidem</span> <span class='ocrx_word' id='word_1_88' title='bbox 436 919 573 964; x_wconf 89' lang='lat' dir='ltr'>breve</span> <span class='ocrx_word' id='word_1_89' title='bbox 609 917 842 980; x_wconf 77' lang='lat' dir='ltr'><strong>hospitium</strong></span> <span class='ocrx_word' id='word_1_90' title='bbox 875 936 885 964; x_wconf 93' lang='lat'>:</span> <span class='ocrx_word' id='word_1_91' title='bbox 924 920 1048 982; x_wconf 88' lang='lat' dir='ltr'>quod</span> <span class='ocrx_word' id='word_1_92' title='bbox 1086 917 1422 978; x_wconf 87' lang='lat' dir='ltr'>relinquendum</span> 
     </span>
     <span class='ocr_line' id='line_1_12' title="bbox 141 989 1424 1054; baseline -0.001 -19"><span class='ocrx_word' id='word_1_93' title='bbox 141 989 234 1046; x_wconf 87' lang='lat' dir='ltr'>est,</span> <span class='ocrx_word' id='word_1_94' title='bbox 263 990 337 1036; x_wconf 89' lang='lat' dir='ltr'>ubi</span> <span class='ocrx_word' id='word_1_95' title='bbox 370 1006 412 1037; x_wconf 88' lang='lat' dir='ltr'>te</span> <span class='ocrx_word' id='word_1_96' title='bbox 438 1007 616 1054; x_wconf 85' lang='lat' dir='ltr'>gravem</span> <span class='ocrx_word' id='word_1_97' title='bbox 647 990 731 1037; x_wconf 80' lang='lat' dir='ltr'>effe</span> <span class='ocrx_word' id='word_1_98' title='bbox 765 990 922 1052; x_wconf 81' lang='lat' dir='ltr'>hospiti</span> <span class='ocrx_word' id='word_1_99' title='bbox 953 992 1113 1037; x_wconf 79' lang='lat' dir='ltr'>videas.</span> <span class='ocrx_word' id='word_1_100' title='bbox 1146 990 1390 1036; x_wconf 82' lang='lat' dir='ltr'>Maximum</span> <span class='ocrx_word' id='word_1_101' title='bbox 1410 1024 1424 1045; x_wconf 90' lang='lat'>,</span> 
     </span>
     <span class='ocr_line' id='line_1_13' title="bbox 139 1062 1427 1127; baseline -0.001 -19"><span class='ocrx_word' id='word_1_102' title='bbox 139 1062 317 1126; x_wconf 88' lang='lat' dir='ltr'>inquam</span> <span class='ocrx_word' id='word_1_103' title='bbox 335 1099 348 1120; x_wconf 95' lang='lat'>,</span> <span class='ocrx_word' id='word_1_104' title='bbox 375 1064 433 1109; x_wconf 89' lang='lat' dir='ltr'>mi</span> <span class='ocrx_word' id='word_1_105' title='bbox 458 1063 625 1118; x_wconf 84' lang='lat' dir='ltr'>Lucili,</span> <span class='ocrx_word' id='word_1_106' title='bbox 651 1076 950 1127; x_wconf 81' lang='lat' dir='ltr'>argumentum</span> <span class='ocrx_word' id='word_1_107' title='bbox 971 1064 1032 1111; x_wconf 89' lang='lat' dir='ltr'>est</span> <span class='ocrx_word' id='word_1_108' title='bbox 1052 1064 1185 1109; x_wconf 88' lang='lat' dir='ltr'>animi</span> <span class='ocrx_word' id='word_1_109' title='bbox 1204 1064 1258 1109; x_wconf 84' lang='lat' dir='ltr'>ab</span> <span class='ocrx_word' id='word_1_110' title='bbox 1284 1062 1427 1109; x_wconf 86' lang='lat' dir='ltr'>altiori</span> 
     </span>
     <span class='ocr_line' id='line_1_14' title="bbox 140 1135 1423 1199; baseline 0 -19"><span class='ocrx_word' id='word_1_111' title='bbox 140 1135 354 1182; x_wconf 84' lang='lat' dir='ltr'>venientis</span> <span class='ocrx_word' id='word_1_112' title='bbox 382 1136 506 1192; x_wconf 87' lang='lat' dir='ltr'>sede,</span> <span class='ocrx_word' id='word_1_113' title='bbox 539 1137 568 1181; x_wconf 83' lang='lat' dir='ltr'><strong>fi</strong></span> <span class='ocrx_word' id='word_1_114' title='bbox 597 1137 701 1183; x_wconf 86' lang='lat' dir='ltr'>haec</span> <span class='ocrx_word' id='word_1_115' title='bbox 730 1136 774 1182; x_wconf 90' lang='lat' dir='ltr'>in</span> <span class='ocrx_word' id='word_1_116' title='bbox 800 1136 957 1199; x_wconf 83' lang='lat' dir='ltr'>quibus</span> <span class='ocrx_word' id='word_1_117' title='bbox 985 1136 1182 1185; x_wconf 84' lang='lat' dir='ltr'>versatur</span> <span class='ocrx_word' id='word_1_118' title='bbox 1200 1172 1212 1193; x_wconf 91' lang='lat'>‚</span> <span class='ocrx_word' id='word_1_119' title='bbox 1244 1135 1423 1182; x_wconf 78' lang='lat' dir='ltr'>humilia</span> 
     </span>
     <span class='ocr_line' id='line_1_15' title="bbox 139 1207 1423 1272; baseline -0.002 -17"><span class='ocrx_word' id='word_1_120' title='bbox 139 1209 331 1264; x_wconf 86' lang='lat' dir='ltr'>iudicat,</span> <span class='ocrx_word' id='word_1_121' title='bbox 362 1221 405 1255; x_wconf 90' lang='lat' dir='ltr'>et</span> <span class='ocrx_word' id='word_1_122' title='bbox 429 1208 632 1272; x_wconf 82' lang='lat' dir='ltr'>angusta,</span> <span class='ocrx_word' id='word_1_123' title='bbox 667 1209 696 1255; x_wconf 85' lang='lat' dir='ltr'>fi</span> <span class='ocrx_word' id='word_1_124' title='bbox 724 1209 845 1256; x_wconf 86' lang='lat' dir='ltr'>exire</span> <span class='ocrx_word' id='word_1_125' title='bbox 873 1226 965 1255; x_wconf 90' lang='lat' dir='ltr'>non</span> <span class='ocrx_word' id='word_1_126' title='bbox 996 1209 1160 1256; x_wconf 84' lang='lat' dir='ltr'>metuit.</span> <span class='ocrx_word' id='word_1_127' title='bbox 1191 1207 1279 1254; x_wconf 89' lang='lat' dir='ltr'>Scit</span> <span class='ocrx_word' id='word_1_128' title='bbox 1303 1207 1423 1254; x_wconf 88' lang='lat' dir='ltr'>enim</span> 
     </span>
     <span class='ocr_line' id='line_1_16' title="bbox 137 1282 1424 1345; baseline 0 -17"><span class='ocrx_word' id='word_1_129' title='bbox 137 1300 228 1345; x_wconf 89' lang='lat' dir='ltr'>quo</span> <span class='ocrx_word' id='word_1_130' title='bbox 254 1283 447 1329; x_wconf 85' lang='lat' dir='ltr'>exiturus</span> <span class='ocrx_word' id='word_1_131' title='bbox 473 1283 550 1340; x_wconf 84' lang='lat' dir='ltr'>fit,</span> <span class='ocrx_word' id='word_1_132' title='bbox 581 1283 653 1345; x_wconf 89' lang='lat' dir='ltr'>qui</span> <span class='ocrx_word' id='word_1_133' title='bbox 685 1283 799 1330; x_wconf 88' lang='lat' dir='ltr'>unde</span> <span class='ocrx_word' id='word_1_134' title='bbox 828 1284 1030 1339; x_wconf 89' lang='lat' dir='ltr'>venerit,</span> <span class='ocrx_word' id='word_1_135' title='bbox 1062 1282 1275 1328; x_wconf 80' lang='lat' dir='ltr'>meminit.</span> <span class='ocrx_word' id='word_1_136' title='bbox 1315 1283 1424 1328; x_wconf 89' lang='lat' dir='ltr'>Non</span> 
     </span>
     <span class='ocr_line' id='line_1_17' title="bbox 137 1352 1420 1418; baseline -0.001 -19"><span class='ocrx_word' id='word_1_137' title='bbox 137 1354 362 1409; x_wconf 87' lang='lat' dir='ltr'>videmus,</span> <span class='ocrx_word' id='word_1_138' title='bbox 400 1371 532 1418; x_wconf 89' lang='lat' dir='ltr'>quam</span> <span class='ocrx_word' id='word_1_139' title='bbox 562 1354 695 1400; x_wconf 87' lang='lat' dir='ltr'>multa</span> <span class='ocrx_word' id='word_1_140' title='bbox 732 1370 811 1401; x_wconf 90' lang='lat' dir='ltr'>nos</span> <span class='ocrx_word' id='word_1_141' title='bbox 843 1353 1131 1401; x_wconf 87' lang='lat' dir='ltr'>incommoda</span> <span class='ocrx_word' id='word_1_142' title='bbox 1167 1352 1420 1415; x_wconf 80' lang='lat' dir='ltr'>exagitant,</span> 
     </span>
     <span class='ocr_line' id='line_1_18' title="bbox 137 1424 1427 1489; baseline -0.002 -18"><span class='ocrx_word' id='word_1_143' title='bbox 137 1442 269 1489; x_wconf 83' lang='lat' dir='ltr'>quam</span> <span class='ocrx_word' id='word_1_144' title='bbox 300 1426 413 1474; x_wconf 84' lang='lat' dir='ltr'>male</span> <span class='ocrx_word' id='word_1_145' title='bbox 441 1425 568 1473; x_wconf 86' lang='lat' dir='ltr'>nobis</span> <span class='ocrx_word' id='word_1_146' title='bbox 595 1425 832 1472; x_wconf 86' lang='lat' dir='ltr'>conveniat</span> <span class='ocrx_word' id='word_1_147' title='bbox 859 1425 947 1472; x_wconf 91' lang='lat' dir='ltr'>hoc</span> <span class='ocrx_word' id='word_1_148' title='bbox 978 1424 1174 1487; x_wconf 71' lang='lat' dir='ltr'>corpus?</span> <span class='ocrx_word' id='word_1_149' title='bbox 1211 1425 1342 1470; x_wconf 84' lang='lat' dir='ltr'>Nunc</span> <span class='ocrx_word' id='word_1_150' title='bbox 1373 1425 1427 1470; x_wconf 89' lang='lat' dir='ltr'>de</span> 
     </span>
     <span class='ocr_line' id='line_1_19' title="bbox 138 1496 1426 1562; baseline 0.001 -20"><span class='ocrx_word' id='word_1_151' title='bbox 138 1511 316 1554; x_wconf 76' lang='lat' dir='ltr'>ventre,</span> <span class='ocrx_word' id='word_1_152' title='bbox 342 1516 457 1545; x_wconf 91' lang='lat' dir='ltr'>nunc</span> <span class='ocrx_word' id='word_1_153' title='bbox 484 1499 537 1545; x_wconf 91' lang='lat' dir='ltr'>de</span> <span class='ocrx_word' id='word_1_154' title='bbox 560 1499 701 1562; x_wconf 90' lang='lat' dir='ltr'>capite</span> <span class='ocrx_word' id='word_1_155' title='bbox 717 1534 730 1556; x_wconf 95' lang='lat'>‚</span> <span class='ocrx_word' id='word_1_156' title='bbox 752 1515 865 1544; x_wconf 90' lang='lat' dir='ltr'>nunc</span> <span class='ocrx_word' id='word_1_157' title='bbox 890 1498 942 1550; x_wconf 87' lang='lat' dir='ltr'>de</span> <span class='ocrx_word' id='word_1_158' title='bbox 965 1499 1142 1559; x_wconf 64' lang='lat' dir='ltr'>peelore</span> <span class='ocrx_word' id='word_1_159' title='bbox 1162 1515 1210 1543; x_wconf 89' lang='lat' dir='ltr'>ac</span> <span class='ocrx_word' id='word_1_160' title='bbox 1231 1496 1426 1543; x_wconf 67' lang='lat' dir='ltr'>faucibus</span> 
     </span>
     <span class='ocr_line' id='line_1_20' title="bbox 139 1569 1426 1632; baseline -0.002 -18"><span class='ocrx_word' id='word_1_161' title='bbox 139 1571 365 1632; x_wconf 81' lang='lat' dir='ltr'>querimur</span> <span class='ocrx_word' id='word_1_162' title='bbox 382 1588 393 1617; x_wconf 67' lang='grc' dir='ltr'>ε</span> <span class='ocrx_word' id='word_1_163' title='bbox 410 1571 509 1616; x_wconf 86' lang='lat' dir='ltr'>alias</span> <span class='ocrx_word' id='word_1_164' title='bbox 527 1570 654 1616; x_wconf 85' lang='lat' dir='ltr'>nervi</span> <span class='ocrx_word' id='word_1_165' title='bbox 682 1586 761 1616; x_wconf 87' lang='lat' dir='ltr'>nos</span> <span class='ocrx_word' id='word_1_166' title='bbox 778 1602 792 1624; x_wconf 93' lang='lat'>,</span> <span class='ocrx_word' id='word_1_167' title='bbox 821 1569 921 1614; x_wconf 84' lang='lat' dir='ltr'>alias</span> <span class='ocrx_word' id='word_1_168' title='bbox 940 1569 1072 1630; x_wconf 85' lang='lat' dir='ltr'>pedes</span> <span class='ocrx_word' id='word_1_169' title='bbox 1094 1582 1254 1615; x_wconf 77' lang='lat' dir='ltr'>vexant</span> <span class='ocrx_word' id='word_1_170' title='bbox 1275 1585 1284 1612; x_wconf 95' lang='lat'><strong>:</strong></span> <span class='ocrx_word' id='word_1_171' title='bbox 1311 1584 1426 1612; x_wconf 86' lang='lat' dir='ltr'>nunc</span> 
     </span>
     <span class='ocr_line' id='line_1_21' title="bbox 137 1640 1423 1704; baseline -0.004 -15"><span class='ocrx_word' id='word_1_172' title='bbox 137 1644 322 1689; x_wconf 57' lang='lat' dir='ltr'>deiectio</span> <span class='ocrx_word' id='word_1_173' title='bbox 337 1680 350 1700; x_wconf 94' lang='lat'>,</span> <span class='ocrx_word' id='word_1_174' title='bbox 371 1660 483 1689; x_wconf 88' lang='lat' dir='ltr'>nunc</span> <span class='ocrx_word' id='word_1_175' title='bbox 504 1642 754 1688; x_wconf 80' lang='lat' dir='ltr'>destillatio:</span> <span class='ocrx_word' id='word_1_176' title='bbox 775 1642 1012 1704; x_wconf 83' lang='lat' dir='ltr'>aliquando</span> <span class='ocrx_word' id='word_1_177' title='bbox 1029 1641 1216 1703; x_wconf 83' lang='lat' dir='ltr'>superest</span> <span class='ocrx_word' id='word_1_178' title='bbox 1238 1640 1423 1702; x_wconf 75' lang='lat' dir='ltr'>sanguis,</span> 
     </span>
     <span class='ocr_line' id='line_1_22' title="bbox 136 1715 1422 1777; baseline -0.002 -17"><span class='ocrx_word' id='word_1_179' title='bbox 136 1715 372 1777; x_wconf 79' lang='lat' dir='ltr'>aliquando</span> <span class='ocrx_word' id='word_1_180' title='bbox 397 1715 543 1763; x_wconf 84' lang='lat' dir='ltr'>deest:</span> <span class='ocrx_word' id='word_1_181' title='bbox 565 1715 666 1761; x_wconf 85' lang='lat' dir='ltr'>hinc</span> <span class='ocrx_word' id='word_1_182' title='bbox 697 1727 824 1777; x_wconf 85' lang='lat' dir='ltr'>atque</span> <span class='ocrx_word' id='word_1_183' title='bbox 852 1715 968 1761; x_wconf 89' lang='lat' dir='ltr'>illinc</span> <span class='ocrx_word' id='word_1_184' title='bbox 995 1726 1215 1765; x_wconf 80' lang='lat' dir='ltr'>tentamur</span> <span class='ocrx_word' id='word_1_185' title='bbox 1232 1746 1246 1768; x_wconf 89' lang='lat'>‚</span> <span class='ocrx_word' id='word_1_186' title='bbox 1279 1726 1319 1758; x_wconf 87' lang='lat' dir='ltr'>et</span> <span class='ocrx_word' id='word_1_187' title='bbox 1344 1729 1422 1758; x_wconf 79' lang='lat' dir='ltr'>ex-</span> 
     </span>
     <span class='ocr_line' id='line_1_23' title="bbox 137 1787 1422 1851; baseline -0.002 -16"><span class='ocrx_word' id='word_1_188' title='bbox 137 1789 355 1851; x_wconf 83' lang='lat' dir='ltr'>pellimur.</span> <span class='ocrx_word' id='word_1_189' title='bbox 392 1788 492 1835; x_wconf 88' lang='lat' dir='ltr'>Hoc</span> <span class='ocrx_word' id='word_1_190' title='bbox 515 1788 694 1835; x_wconf 87' lang='lat' dir='ltr'>evenire</span> <span class='ocrx_word' id='word_1_191' title='bbox 727 1788 834 1834; x_wconf 89' lang='lat' dir='ltr'>solet</span> <span class='ocrx_word' id='word_1_192' title='bbox 866 1787 912 1833; x_wconf 88' lang='lat' dir='ltr'>in</span> <span class='ocrx_word' id='word_1_193' title='bbox 937 1787 1081 1833; x_wconf 88' lang='lat' dir='ltr'>alieno</span> <span class='ocrx_word' id='word_1_194' title='bbox 1112 1787 1422 1833; x_wconf 73' lang='lat' dir='ltr'>habitantibus.</span> 
     </span>
     <span class='ocr_line' id='line_1_24' title="bbox 138 1858 1418 1923; baseline -0.002 -17"><span class='ocrx_word' id='word_1_195' title='bbox 138 1863 195 1907; x_wconf 88' lang='lat' dir='ltr'>At</span> <span class='ocrx_word' id='word_1_196' title='bbox 214 1877 294 1908; x_wconf 82' lang='lat' dir='ltr'>nos</span> <span class='ocrx_word' id='word_1_197' title='bbox 313 1878 473 1923; x_wconf 84' lang='lat' dir='ltr'>corpus</span> <span class='ocrx_word' id='word_1_198' title='bbox 493 1873 582 1906; x_wconf 84' lang='lat' dir='ltr'>tam</span> <span class='ocrx_word' id='word_1_199' title='bbox 602 1873 728 1921; x_wconf 84' lang='lat' dir='ltr'>putre</span> <span class='ocrx_word' id='word_1_200' title='bbox 756 1858 917 1916; x_wconf 84' lang='lat' dir='ltr'>sortiti,</span> <span class='ocrx_word' id='word_1_201' title='bbox 941 1860 1226 1905; x_wconf 82' lang='lat' dir='ltr'>nihilominus</span> <span class='ocrx_word' id='word_1_202' title='bbox 1246 1872 1418 1905; x_wconf 80' lang='lat' dir='ltr'>aeterna</span> 
     </span>
     <span class='ocr_line' id='line_1_25' title="bbox 138 1931 1420 1996; baseline -0.002 -17"><span class='ocrx_word' id='word_1_203' title='bbox 138 1934 429 1996; x_wconf 81' lang='lat' dir='ltr'>proponimus</span> <span class='ocrx_word' id='word_1_204' title='bbox 443 1969 456 1991; x_wconf 90' lang='lat'>‚</span> <span class='ocrx_word' id='word_1_205' title='bbox 472 1946 513 1982; x_wconf 89' lang='lat' dir='ltr'>et</span> <span class='ocrx_word' id='word_1_206' title='bbox 530 1933 572 1978; x_wconf 91' lang='lat' dir='ltr'>in</span> <span class='ocrx_word' id='word_1_207' title='bbox 592 1946 802 1995; x_wconf 88' lang='lat' dir='ltr'>quantum</span> <span class='ocrx_word' id='word_1_208' title='bbox 823 1931 964 1994; x_wconf 84' lang='lat' dir='ltr'>potest</span> <span class='ocrx_word' id='word_1_209' title='bbox 983 1946 1096 1978; x_wconf 83' lang='lat' dir='ltr'>aetas</span> <span class='ocrx_word' id='word_1_210' title='bbox 1112 1932 1299 1977; x_wconf 74' lang='lat' dir='ltr'>hmnana</span> <span class='ocrx_word' id='word_1_211' title='bbox 1318 1948 1420 1993; x_wconf 59' lang='lat' dir='ltr'>pro-</span> 
     </span>
     <span class='ocr_line' id='line_1_26' title="bbox 138 2005 1417 2069; baseline -0.002 -16"><span class='ocrx_word' id='word_1_212' title='bbox 138 2006 286 2063; x_wconf 85' lang='lat' dir='ltr'>tendi,</span> <span class='ocrx_word' id='word_1_213' title='bbox 320 2018 484 2052; x_wconf 87' lang='lat' dir='ltr'>tantum</span> <span class='ocrx_word' id='word_1_214' title='bbox 507 2006 578 2069; x_wconf 83' lang='lat' dir='ltr'>spe</span> <span class='ocrx_word' id='word_1_215' title='bbox 596 2021 863 2068; x_wconf 78' lang='lat' dir='ltr'>occupamus</span> <span class='ocrx_word' id='word_1_216' title='bbox 879 2041 892 2063; x_wconf 90' lang='lat'>,</span> <span class='ocrx_word' id='word_1_217' title='bbox 921 2005 1035 2051; x_wconf 87' lang='lat' dir='ltr'>nulla</span> <span class='ocrx_word' id='word_1_218' title='bbox 1060 2006 1257 2052; x_wconf 72' lang='lat' dir='ltr'>contenti</span> <span class='ocrx_word' id='word_1_219' title='bbox 1285 2022 1417 2068; x_wconf 73' lang='lat' dir='ltr'>pecu-</span> 
     </span>
     <span class='ocr_line' id='line_1_27' title="bbox 142 2076 1425 2140; baseline -0.002 -16"><span class='ocrx_word' id='word_1_220' title='bbox 142 2078 241 2135; x_wconf 86' lang='lat' dir='ltr'>nia,</span> <span class='ocrx_word' id='word_1_221' title='bbox 274 2078 388 2124; x_wconf 84' lang='lat' dir='ltr'>nulla</span> <span class='ocrx_word' id='word_1_222' title='bbox 407 2077 612 2140; x_wconf 82' lang='lat' dir='ltr'>potentia.</span> <span class='ocrx_word' id='word_1_223' title='bbox 644 2078 768 2138; x_wconf 85' lang='lat' dir='ltr'>Qui-d</span> <span class='ocrx_word' id='word_1_224' title='bbox 793 2078 874 2124; x_wconf 76' lang='lat' dir='ltr'>hac</span> <span class='ocrx_word' id='word_1_225' title='bbox 900 2095 946 2124; x_wconf 88' lang='lat' dir='ltr'>re</span> <span class='ocrx_word' id='word_1_226' title='bbox 977 2076 1070 2124; x_wconf 86' lang='lat' dir='ltr'>fieri</span> <span class='ocrx_word' id='word_1_227' title='bbox 1098 2078 1392 2140; x_wconf 77' lang='lat' dir='ltr'>impudentius</span> <span class='ocrx_word' id='word_1_228' title='bbox 1410 2113 1425 2136; x_wconf 89' lang='lat'>,</span> 
     </span>
     <span class='ocr_line' id='line_1_28' title="bbox 145 2149 1423 2214; baseline 0.001 -18"><span class='ocrx_word' id='word_1_229' title='bbox 145 2150 250 2214; x_wconf 83' lang='lat' dir='ltr'>quid</span> <span class='ocrx_word' id='word_1_230' title='bbox 278 2149 441 2196; x_wconf 84' lang='lat' dir='ltr'>stultius</span> <span class='ocrx_word' id='word_1_231' title='bbox 462 2150 636 2212; x_wconf 84' lang='lat' dir='ltr'>potest?</span> <span class='ocrx_word' id='word_1_232' title='bbox 662 2150 784 2196; x_wconf 86' lang='lat' dir='ltr'>Nihil</span> <span class='ocrx_word' id='word_1_233' title='bbox 808 2150 903 2197; x_wconf 84' lang='lat' dir='ltr'>satis</span> <span class='ocrx_word' id='word_1_234' title='bbox 923 2151 982 2197; x_wconf 79' lang='lat' dir='ltr'>est</span> <span class='ocrx_word' id='word_1_235' title='bbox 1001 2151 1223 2197; x_wconf 83' lang='lat' dir='ltr'>morituris</span> <span class='ocrx_word' id='word_1_236' title='bbox 1238 2187 1250 2208; x_wconf 93' lang='lat'>‚</span> <span class='ocrx_word' id='word_1_237' title='bbox 1282 2151 1423 2197; x_wconf 67' lang='lat' dir='ltr'>immo</span> 
     </span>
     <span class='ocr_line' id='line_1_29' title="bbox 147 2221 1427 2287; baseline 0.001 -18"><span class='ocrx_word' id='word_1_238' title='bbox 147 2221 446 2269; x_wconf 81' lang='lat' dir='ltr'>morientibus.</span> <span class='ocrx_word' id='word_1_239' title='bbox 479 2224 678 2286; x_wconf 87' lang='lat' dir='ltr'>quotidie</span> <span class='ocrx_word' id='word_1_240' title='bbox 711 2224 826 2270; x_wconf 87' lang='lat' dir='ltr'>enim</span> <span class='ocrx_word' id='word_1_241' title='bbox 858 2225 1041 2287; x_wconf 84' lang='lat' dir='ltr'>propius</span> <span class='ocrx_word' id='word_1_242' title='bbox 1072 2225 1125 2270; x_wconf 85' lang='lat' dir='ltr'>ab</span> <span class='ocrx_word' id='word_1_243' title='bbox 1156 2225 1312 2270; x_wconf 78' lang='lat' dir='ltr'>ultimo</span> <span class='ocrx_word' id='word_1_244' title='bbox 1344 2224 1427 2270; x_wconf 70' lang='lat' dir='ltr'>tla-</span> 
     </span>
     <span class='ocr_line' id='line_1_30' title="bbox 144 2295 1428 2355; baseline -0.002 -11"><span class='ocrx_word' id='word_1_245' title='bbox 144 2315 273 2355; x_wconf 72' lang='lat' dir='ltr'>mus,</span> <span class='ocrx_word' id='word_1_246' title='bbox 306 2310 349 2344; x_wconf 88' lang='lat' dir='ltr'>et</span> <span class='ocrx_word' id='word_1_247' title='bbox 380 2298 455 2343; x_wconf 83' lang='lat' dir='ltr'>illo</span> <span class='ocrx_word' id='word_1_248' title='bbox 492 2299 608 2344; x_wconf 85' lang='lat' dir='ltr'>unde</span> <span class='ocrx_word' id='word_1_249' title='bbox 646 2298 774 2345; x_wconf 82' lang='lat' dir='ltr'>nobis</span> <span class='ocrx_word' id='word_1_250' title='bbox 808 2298 1046 2344; x_wconf 87' lang='lat' dir='ltr'>cadendum</span> <span class='ocrx_word' id='word_1_251' title='bbox 1079 2295 1168 2350; x_wconf 86' lang='lat' dir='ltr'>est,</span> <span class='ocrx_word' id='word_1_252' title='bbox 1204 2296 1312 2341; x_wconf 84' lang='lat' dir='ltr'>hora</span> <span class='ocrx_word' id='word_1_253' title='bbox 1346 2312 1428 2341; x_wconf 76' lang='lat' dir='ltr'>nos</span> 
     </span>
     <span class='ocr_line' id='line_1_31' title="bbox 146 2369 1426 2434; baseline -0.002 -18"><span class='ocrx_word' id='word_1_254' title='bbox 146 2371 290 2417; x_wconf 87' lang='lat' dir='ltr'>omnis</span> <span class='ocrx_word' id='word_1_255' title='bbox 307 2371 498 2434; x_wconf 84' lang='lat' dir='ltr'>impellit.</span> <span class='ocrx_word' id='word_1_256' title='bbox 530 2371 642 2417; x_wconf 89' lang='lat' dir='ltr'>Vide</span> <span class='ocrx_word' id='word_1_257' title='bbox 662 2370 706 2416; x_wconf 89' lang='lat' dir='ltr'>in</span> <span class='ocrx_word' id='word_1_258' title='bbox 725 2386 884 2434; x_wconf 86' lang='lat' dir='ltr'>quanta</span> <span class='ocrx_word' id='word_1_259' title='bbox 905 2371 1108 2418; x_wconf 87' lang='lat' dir='ltr'>caecitate</span> <span class='ocrx_word' id='word_1_260' title='bbox 1128 2387 1250 2418; x_wconf 87' lang='lat' dir='ltr'>mens</span> <span class='ocrx_word' id='word_1_261' title='bbox 1277 2369 1426 2416; x_wconf 71' lang='lat' dir='ltr'>nostra</span> 
     </span>
     <span class='ocr_line' id='line_1_32' title="bbox 145 2443 1424 2510; baseline 0 -20"><span class='ocrx_word' id='word_1_262' title='bbox 145 2443 219 2492; x_wconf 85' lang='lat' dir='ltr'>fit!</span> <span class='ocrx_word' id='word_1_263' title='bbox 259 2446 360 2494; x_wconf 91' lang='lat' dir='ltr'>Hoc</span> <span class='ocrx_word' id='word_1_264' title='bbox 391 2445 512 2510; x_wconf 88' lang='lat' dir='ltr'>quod</span> <span class='ocrx_word' id='word_1_265' title='bbox 539 2445 740 2495; x_wconf 82' lang='lat' dir='ltr'>futurum</span> <span class='ocrx_word' id='word_1_266' title='bbox 769 2444 902 2506; x_wconf 85' lang='lat' dir='ltr'>dico,</span> <span class='ocrx_word' id='word_1_267' title='bbox 932 2443 1226 2492; x_wconf 85' lang='lat' dir='ltr'>cummaxime</span> <span class='ocrx_word' id='word_1_268' title='bbox 1263 2443 1339 2504; x_wconf 80' lang='lat' dir='ltr'>fit,</span> <span class='ocrx_word' id='word_1_269' title='bbox 1381 2458 1424 2491; x_wconf 82' lang='lat' dir='ltr'>et</span> 
     </span>
    </p>
   </div>
  </div>
 </body>
</html>
