1730 2870
267 162 349 199 ιη
486 151 536 198 L.
585 144 874 195 ANNAEI
925 145 1279 197 SENECAE

256 257 376 307 vallo
399 255 585 302 fallentia
604 290 616 312 ,
636 269 679 301 et
708 253 845 316 vulgo
874 270 1028 317 magna
1050 271 1130 317 pro
1152 255 1280 301 bonis
1309 255 1412 301 sunt.
1439 253 1542 303 Hoc

257 348 314 378 ne
338 330 464 377 nobis
494 342 672 392 quoque
710 328 915 381 eveniat,
950 323 1207 391 qua'eramus
1235 329 1341 392 quid
1375 329 1423 375 fit
1455 331 1540 376 bo-

256 420 377 450 num.
407 401 539 448 Varia
568 400 660 447 eius
694 399 994 462 interpretatio
1020 400 1113 447 fuit.
1137 401 1299 449 Finivit
1330 402 1416 448 hoc
1435 403 1541 449 alius

255 477 341 522 alio
380 474 518 520 modo
537 508 550 530 ‚
581 470 686 518 alius
713 472 818 518 illud
850 473 971 519 aliter
1002 473 1224 535 expreffit.
1255 463 1449 534 Quidam
1482 474 1542 521 ita
1575 530 1578 531 ⁷

254 546 441 593 finiunt:
473 546 645 590 Bonum
676 541 764 601 est,
787 544 910 606 quod
937 543 1095 591 invitat
1129 544 1321 603 animos,
1344 547 1466 609 quod
1487 547 1542 593 ad

254 620 297 666 se
319 632 464 665 vocat.
493 616 606 664 Huic
634 616 775 662 statim
794 617 1058 680 opponitur:
1079 617 1203 678 Quid
1222 618 1250 663 fi
1271 618 1425 667 invitat
1440 620 1539 683 qui-

255 692 357 739 dem
379 727 393 750 ,
430 690 501 737 sed
532 691 577 737 in
625 690 901 752 perniciem?
932 690 1012 737 scis
1053 705 1185 753 quam
1219 692 1354 738 multa
1393 693 1503 738 mala
1526 729 1540 750 ,

253 761 409 810 blanda
438 759 529 809 fint.
565 765 731 808 Verum
748 797 761 820 ‚
787 774 829 809 et
849 761 1105 817 verisimile,
1134 762 1246 809 inter
1266 763 1308 810 se
1332 764 1539 813 differunt

252 837 337 884 ita:
376 835 514 896 Quod
535 835 702 881 bonum
734 833 812 892 est,
835 850 947 881 vero
979 834 1199 898 iungitur:
1232 852 1322 883 non
1342 836 1402 883 est
1420 838 1537 885 enim

254 912 427 956 honum
448 941 462 963 ‚
491 908 568 954 nifi
601 924 756 954 verum
793 906 864 954 est.
896 910 951 954 At
978 909 1100 971 quod
1125 909 1284 956 invitat
1314 911 1368 956 ad
1402 910 1444 958 se
1463 947 1476 970 ‚
1497 928 1540 960 et

255 983 389 1030 afficit
413 981 542 1036 facie,
559 980 792 1029 verisimile
816 980 892 1026 est:
920 980 1136 1042 subrepit,
1162 981 1362 1028 sollicitat
1377 1018 1391 1040 ‚
1409 997 1537 1031 attra-

254 1057 330 1103 hir.
369 1056 562 1117 Quidam
590 1055 649 1101 ita
677 1053 909 1103 finierunt:
939 1055 1111 1100 Bonum
1138 1053 1224 1113 est,
1249 1056 1371 1118 quod
1396 1073 1532 1120 appe—

252 1130 454 1176 tisionem
479 1129 538 1174 sui
566 1140 748 1185 movet,
779 1128 851 1175 vel
883 1129 1004 1192 quod
1037 1128 1248 1192 impetum
1275 1130 1408 1177 animi
1435 1143 1533 1178 ten-⁵

253 1203 393 1249 dentis
422 1202 474 1248 ad
502 1201 543 1247 se
566 1212 730 1249 movet.
747 1201 804 1247 Et
834 1201 935 1248 huic
963 1202 1078 1248 idem
1099 1203 1373 1266 opponitur:
1402 1206 1536 1252 multa

252 1277 370 1324 enim
403 1276 617 1339 impetum
651 1275 784 1322 animi
820 1287 1041 1330 movent,
1071 1293 1184 1339 quae
1223 1291 1433 1340 petuntur
1461 1295 1539 1342 pe-

250 1349 437 1397 tentium
479 1350 606 1395 malo.
636 1350 791 1396 Melius
823 1349 883 1395 illi
903 1349 979 1412 qui
999 1350 1055 1396 fic
1089 1348 1323 1397 finierunt:
1361 1351 1536 1398 Bonum

251 1424 313 1470 est
332 1459 345 1480 ‚
378 1424 502 1487 quod
523 1424 575 1469 ad
603 1423 644 1470 se
669 1422 882 1485 impetum
914 1423 1046 1469 animi
1079 1423 1315 1470 secundum
1338 1437 1536 1471 naturam

251 1509 437 1543 movet:
478 1508 522 1542 et
556 1497 613 1542 ita
651 1496 827 1542 demum
863 1495 1103 1558 petendum
1132 1494 1219 1551 est,
1253 1512 1356 1543 cum
1389 1497 1538 1559 coepit

251 1569 337 1614 effe
365 1570 671 1632 expetendum
712 1569 799 1613 Iam
831 1580 874 1614 et
913 1567 1143 1613 honestum
1176 1567 1261 1615 est:
1297 1570 1383 1616 hoc
1417 1570 1536 1617 enim

251 1642 444 1706 perfe&e
478 1642 538 1689 est
560 1642 805 1705 petendum.
835 1643 978 1687 Locus
1008 1639 1097 1702 ipse
1117 1658 1187 1688 me
1204 1641 1412 1688 admonet
1429 1677 1444 1701 ‚
1460 1639 1509 1690 u't
1523 1678 1537 1702 ‚

250 1716 358 1778 quid
384 1715 548 1762 interfit
575 1716 687 1761 inter
707 1716 874 1761 bonum
895 1713 1239 1778 honestumque,
1260 1714 1413 1761 dicam.
1437 1716 1536 1762 Ali-

252 1788 360 1843 quid
393 1789 507 1834 inter
541 1787 581 1834 se
612 1788 771 1835 habent
795 1786 1010 1845 mixtum,
1047 1798 1090 1833 et
1116 1786 1424 1850 inseparabile:
1456 1806 1537 1836 nec

251 1859 394 1923 potest
429 1859 599 1906 bonum
626 1860 736 1916 effe,
772 1858 849 1906 nisi
887 1861 958 1907 cui
995 1858 1160 1922 aliquid
1187 1859 1357 1906 honesti
1395 1861 1534 1908 inest:

252 1948 296 1980 et
320 1933 551 1980 honestum
573 1934 724 1997 utique
753 1934 919 1979 bonum
940 1931 1011 1979 est.
1043 1932 1166 1992 Quid
1184 1948 1292 1996 ergo
1315 1932 1426 1979 inter
1444 1935 1536 1981 duo

252 2004 455 2052 interest?
489 2004 733 2052 Honestum
761 2005 821 2051 est
848 2003 1088 2068 perfeRum
1108 2005 1272 2051 bonum
1289 2041 1302 2063 ‚
1322 2023 1412 2069 quo
1431 2007 1536 2053 bea-

253 2092 294 2147 τῇ
324 2079 415 2126 vita
449 2081 698 2142 completur
717 2113 731 2137 ‚
760 2078 882 2125 cuius
915 2078 1116 2125 contafht
1144 2077 1225 2124 alia
1257 2094 1436 2142 quoque
1455 2080 1534 2126 bo—

255 2168 306 2197 na
329 2150 449 2198 fiunt.
486 2152 625 2212 Quod
654 2151 782 2209 dico,
806 2150 889 2197 tale
917 2149 987 2196 est.
1020 2153 1126 2196 Sunt
1145 2151 1358 2213 quaedam
1392 2167 1534 2215 neque

251 2227 397 2283 hona,
438 2242 579 2289 neque
611 2225 759 2281 mala:¹
784 2237 992 2290 tanquam
1025 2223 1175 2269 militia
1195 2257 1209 2280 ‚
1241 2222 1431 2285 legatiQ
1466 2223 1533 2268 iu-

254 2298 456 2345 risdiffio.
481 2301 602 2347 Haec
630 2315 729 2346 cum
750 2296 933 2344 honeste
959 2295 1248 2343 administrata
1268 2296 1392 2353 sunt,
1415 2295 1533 2342 bona

256 2372 341 2419 effe
366 2374 612 2436 incipiunt,
632 2384 745 2420 etex
771 2373 905 2419 dubio
928 2372 973 2418 in
1000 2372 1166 2418 bonum
1190 2369 1419 2416 transeunt.
1441 2370 1533 2415 Bo·

248 2463 353 2499 num
380 2446 583 2496 societate
609 2446 779 2496 honesti
811 2446 889 2508 fit,
923 2443 1154 2494 honestum
1185 2460 1264 2508 per
1293 2443 1334 2492 se
1358 2443 1529 2492 bonum
