1730 2870
270 183 334 231 90
537 173 931 221 L..ANNAE1
983 176 1339 223 SENECAE

269 276 386 322 libro
416 276 517 324 belli
548 279 697 325 Punici
729 280 819 334 ait;
847 282 1044 342 Repente
1077 282 1287 330 hiemavit
1321 283 1563 346 tempestas.

268 351 326 395 Et
363 351 449 397 alio
486 351 621 409 loco,
660 369 760 398 cum
799 354 945 400 dicere
979 355 1110 402 vellet
1150 355 1363 419 frigidum
1400 375 1561 404 annum

267 420 393 468 fuisse
414 458 428 480 ‚
460 422 519 469 ait
547 441 558 469 :
593 425 740 469 Totus
769 424 985 473 hiemavit
1018 443 1168 474 annus.
1211 430 1262 474 Et
1291 423 1380 476 alio
1409 430 1515 476 loco
1549 447 1561 474 :

267 494 375 540 Inde
418 494 637 558 sexaginta
676 497 931 556 onerarias,
971 498 1125 555 leves,
1164 514 1334 562 praeter
1378 503 1562 549 militem

265 578 310 613 et
337 568 600 615 necessarios
623 582 853 632 nautarum
874 606 887 629 ‚
927 570 1146 619 hiemante
1182 574 1401 636 Aquilone
1434 576 1563 623 misit.

266 641 376 687 Non
418 641 574 689 desinit
619 644 828 690 omnibus
859 644 968 692 locis
1005 646 1092 693 hoc
1122 647 1307 693 verbum
1342 646 1561 696 infulcire.

268 714 484 773 Quodam
521 715 626 763 loco
668 717 888 778 Sallustius
929 718 1036 764 dicit
1066 736 1076 764 ε
1110 720 1224 765 Inter
1260 735 1379 766 arma
1413 722 1562 768 civilia

266 787 395 850 aequi
426 790 533 835 boni
559 788 696 837 fanias
727 783 845 850 petit.
879 791 1111 837 Arruntius
1143 808 1234 837 non
1264 793 1562 855 temperavit,

267 877 361 922 quo
378 861 526 908 minus
546 863 694 924 primo
722 863 862 910 statim
888 864 1002 910 libro
1024 877 1238 926 poneret:
1261 865 1459 929 ingentes
1478 867 1563 914 effe

268 932 403 984 famas
437 934 491 980 de
533 936 718 999 Regulo.
767 938 886 982 Haec
916 953 1025 1000 ergo
1060 952 1102 983 et
1135 938 1386 985 huiusmodi
1418 939 1526 987 vitia
1547 976 1563 999 ,

266 1023 379 1069 quae
400 1007 529 1054 alicui
554 1009 767 1071 impreffit
799 1011 1018 1065 imitatio,
1055 1030 1147 1058 non
1178 1013 1274 1061 sunt
1302 1013 1466 1061 indicia
1494 1015 1564 1061 lu·

266 1079 446 1138 ituriae,
470 1099 551 1128 nec
579 1083 714 1129 animi
748 1085 960 1146 corrupti.
1003 1085 1185 1148 Propria
1217 1087 1335 1132 enim
1365 1084 1452 1134 ess'e
1484 1088 1562 1134 de-

265 1152 398 1209 bent,
425 1168 468 1200 et
493 1171 550 1201 ex
578 1156 674 1208 ipso
708 1169 828 1214 nata,
858 1174 912 1205 ex
944 1158 1102 1218 quibus
1129 1171 1174 1204 m
1204 1157 1402 1205 aestimes
1430 1158 1562 1206 alicu-

265 1226 333 1272 ius
371 1226 561 1276 affeffiis.
603 1231 802 1276 Iracundi
837 1232 1031 1278 hominis
1056 1231 1262 1278 iracunda
1287 1232 1432 1280 oratio
1468 1233 1561 1279 est:

268 1303 487 1347 commoti
530 1303 662 1348 nimis
697 1303 875 1350 incitata
901 1340 916 1363 ‚
952 1303 1125 1350 delicati
1164 1317 1312 1350 tenera
1349 1316 1392 1350 et
1429 1303 1561 1351 fluxa.

268 1373 411 1431 Quod
450 1373 574 1421 vides
609 1375 713 1423 istos
750 1378 902 1440 sequi,
938 1378 1014 1441 qui
1046 1367 1119 1424 aut
1149 1378 1316 1425 vellunt
1356 1378 1561 1433 barbam,

270 1458 344 1491 aut
372 1446 656 1494 intervellunt
675 1466 686 1495 τ
706 1451 780 1513 qui
810 1451 927 1497 labra
960 1451 1142 1514 preffius
1160 1451 1350 1497 tondent
1372 1467 1415 1496 et
1436 1452 1562 1496 abra-

270 1521 407 1578 dunt,
437 1519 606 1568 servata
644 1536 686 1569 et
718 1524 920 1570 submissa
957 1536 1101 1571 cetera
1128 1538 1282 1587 parte:
1315 1523 1389 1587 qui
1418 1525 1560 1571 lacer-

264 1611 341 1641 nas
376 1595 545 1643 coloris
578 1596 773 1660 improbi
806 1599 1013 1655 sumunt,
1041 1599 1116 1662 qui
1151 1600 1448 1662 perlucentem
1487 1612 1561 1645 to-
1630 1628 1635 1632 -

269 1685 400 1730 gam:
435 1669 510 1732 qui
543 1670 702 1717 nolunt
732 1670 879 1718 facere
904 1672 1145 1736 quidquam
1178 1673 1302 1717 (mod
1328 1671 1558 1717 hominum

266 1743 408 1790 oculis
422 1744 601 1793 transire
616 1747 757 1793 liceat.
781 1747 957 1793 irritant
981 1747 1098 1801 illos,
1114 1759 1155 1793 et
1175 1746 1220 1793 in
1235 1746 1276 1793 se
1298 1746 1529 1793 advertunt
1546 1766 1560 1794 ε

263 1818 428 1865 volunt
453 1817 527 1865 vel
548 1820 831 1882 reprehendi,
861 1821 962 1867 dum
987 1816 1325 1883 conspiciantur.
1356 1819 1474 1865 Talis
1499 1818 1562 1866 est

267 1891 416 1936 oratio
458 1891 754 1948 Maecenatis,
793 1892 1087 1950 omniumque
1111 1892 1327 1947 aliorum,
1364 1891 1439 1955 qui
1467 1908 1558 1938 non

267 1963 367 2009 casu
387 1978 562 2021 errant,
589 1964 659 2010 sed
682 1964 866 2012 scientes
890 1964 1190 2027 volentesque.
1220 1965 1321 2010 Hoc
1341 1981 1363 2010 a
1396 1981 1559 2026 magno

265 2037 402 2083 animi
424 2037 543 2083 malo
571 2038 728 2084 or‘tur.
757 2037 1011 2097 Quomodo
1038 2037 1083 2082 in
1115 2037 1223 2084 vino
1243 2054 1335 2083 non
1355 2051 1453 2082 ante
1474 2036 1561 2082 lin·

264 2128 351 2174 gua
383 2111 570 2168 titubat,
608 2129 742 2174 quam
775 2129 896 2159 mens
936 2112 1056 2158 ceffit
1085 2111 1240 2169 oneri,
1270 2124 1315 2158 et
1351 2110 1585 2187 inclinatas

271 2185 339 2230 vel
377 2185 545 2248 perdita
581 2186 643 2232 est
674 2183 777 2232 t‘ita
813 2186 889 2232 ista
920 2186 1063 2232 oratio
1097 2185 1118 2249 (
1140 2185 1247 2247 quid
1279 2184 1395 2231 aliud
1427 2201 1560 2248 quam

268 2258 519 2323 ebrietas?)
548 2259 655 2307 nulli
679 2259 859 2306 molesta
886 2260 971 2316 est,
998 2260 1073 2305 nili
1105 2260 1274 2305 animus
1293 2258 1420 2304 labat.
1451 2259 1558 2305 Ideo

267 2331 341 2378 ille
373 2349 579 2381 curetur:
612 2334 666 2380 ab
698 2333 772 2378 iilo
804 2333 973 2392 sensus,
1010 2334 1064 2380 ab
1100 2332 1178 2378 illo
1204 2332 1338 2379 verba
1369 2342 1558 2387 exeunt,

268 2405 324 2451 ab
356 2405 432 2452 illo
462 2407 589 2454 nobis
616 2407 676 2453 est
701 2406 901 2464 habitus,
931 2408 1103 2462 vultus,
1125 2405 1321 2453 incessus.
1347 2404 1426 2450 lllo
1451 2403 1556 2450 sano

267 2494 320 2526 ac
353 2477 551 2540 valente,
587 2480 733 2528 oratio
771 2496 954 2545 quoque
991 2479 1200 2540 robusta,
1231 2476 1387 2539 fortis,
1419 2476 1555 2527 virilis
