1730 2870
191 198 246 229 υ.
421 181 471 227 L.
528 177 821 226 ANNAEI
870 177 1227 225 SENECAE

442 326 920 370 EPISTOLA
998 320 1207 369 XCIX.

177 463 466 524 Consblatoria
505 463 553 507 in
590 476 716 507 morte
737 461 837 519 filii.
873 462 1082 522 Sapiens,
1120 462 1182 506 ita
1213 480 1275 508 me
1303 464 1460 523 Deus,'

698 540 742 588 δ’
784 544 827 588 di
849 558 947 589 erta.

181 653 277 768 E
290 729 587 779 PISTOLAM
602 752 615 774 ‚
644 732 777 780 quam
797 714 943 779 scripfi
965 716 1183 772 Maru110‚
1199 732 1301 763 cum
1321 714 1461 763 filium

176 792 412 853 parvulum
435 790 632 838 amisisset
648 826 662 848 ,
686 803 730 837 et
747 790 965 837 diceretur
992 790 1182 836 molliter
1204 789 1342 846 ferre,
1368 790 1462 838 mifi

174 864 269 912 tibi.
301 869 349 912 In
381 883 466 930 qua
496 882 587 912 non
618 864 711 911 sum
744 881 916 911 rnorem
951 863 1123 910 solitum
1155 856 1352 921 secutus}
1381 881 1464 911 nec

175 938 329 1000 putavi
346 938 499 985 leniter
524 938 645 983 illum
670 938 829 984 debere
849 937 1019 983 tradiari
1035 972 1047 993 ‚
1067 953 1167 983 cum
1188 936 1463 1000 obiurgatio-

174 1027 230 1057 ne
252 1010 354 1058 effet
379 1029 509 1074 quam
531 1010 835 1058 consolatione
856 1008 1042 1073 dignior.
1063 1010 1236 1057 Affliao
1255 1010 1396 1067 enim,
1420 1023 1463 1058 et

175 1101 385 1147 magnum
427 1085 584 1130 vulnus
612 1084 723 1130 male
749 1082 935 1140 ferenti,
967 1083 1182 1145 paulisper
1216 1083 1464 1130 cedendum

175 1158 236 1204 est
256 1176 267 1204 :
286 1157 465 1205 exsatiet
489 1162 556 1216 se,
578 1173 653 1205 aut
671 1171 788 1205 certe
808 1158 1001 1221 primum
1025 1157 1235 1219 impetum
1255 1156 1464 1204 effundat.

172 1232 232 1276 Hi
277 1231 353 1294 q‘ui
374 1232 450 1277 fibi
469 1233 618 1293 lugere
636 1231 907 1284 sumserunt,
938 1230 1141 1292 protinus
1172 1229 1460 1291 castigentur,

175 1320 218 1350 et
245 1305 434 1363 discant,
463 1306 669 1368 quasdam
701 1306 831 1351 etiam
856 1303 1131 1351 lacrimarum
1153 1302 1336 1365 ineptias
1364 1303 1463 1350 effe.
1510 1309 1513 1314 '

172 1381 336 1427 Solatia
358 1380 609 1443 exspefifflc?
649 1380 854 1427 convicia
878 1378 1042 1439 accipe.
1071 1389 1160 1423 tam
1193 1377 1384 1424 molliter
1412 1391 1461 1424 tu

172 1458 258 1503 fers
287 1470 475 1503 morters
498 1456 575 1502 filii
595 1461 610 1501 ?
641 1457 744 1520 quid
767 1456 929 1501 faceres
944 1489 958 1511 ‚
987 1452 1017 1497 fi
1038 1453 1226 1500 amicum
1251 1454 1463 1516 perdidis-

172 1530 266 1576 ses?
301 1532 498 1578 Decefiir
519 1530 631 1577 filius
650 1531 840 1576 incertae
861 1528 980 1591 spei,
1001 1527 1209 1589 parvulus
1229 1546 1240 1574 :
1263 1528 1462 1591 pusillum

173 1605 386 1666 temporis
412 1607 554 1666 periit.
585 1604 746 1650 Causas
776 1603 941 1650 doloris
977 1601 1308 1663 conquirimus,
1337 1614 1381 1648 et
1407 1603 1462 1650 de

172 1675 352 1722 fortuna
369 1677 499 1724 etiam
519 1675 656 1738 iniqui
679 1674 802 1738 queri
827 1674 1033 1723 volumus
1051 1693 1059 1717 :
1083 1673 1200 1736 quasi
1217 1689 1308 1719 non
1325 1673 1374 1719 fit
1392 1672 1462 1719 iu-

173 1748 254 1795 stas
284 1749 498 1811 querendi
532 1749 674 1796 causas
713 1748 973 1810 praebitura.
1004 1746 1335 1793 Avmehercule
1363 1746 1461 1793 satis

171 1823 280 1867 mini
299 1823 384 1867 iam
409 1821 630 1868 videbaris
648 1820 785 1866 animi
806 1820 988 1874 habere,
1013 1820 1143 1865 etiam
1161 1817 1367 1865 adversus
1385 1819 1461 1865 so·-

170 1892 255 1938 lida
286 1894 394 1938 mala
411 1929 425 1951 ‚
448 1894 611 1939 nedum
645 1893 698 1938 ad
720 1891 814 1938 istas
835 1891 1011 1937 umbras
1031 1891 1249 1937 malorum
1264 1927 1278 1949 ,
1302 1892 1460 1954 quibus

169 1965 459 2029 ingemiscunt
478 1966 679 2012 homines
702 1965 838 2011 moris
865 1966 1003 2012 causa.
1029 1965 1168 2025 Quod
1191 1965 1456 2011 damnorum

171 2040 371 2086 omnium
391 2040 630 2086 maximum
653 2039 737 2097 est,
752 2039 784 2084 fi
805 2039 998 2086 amicum
1019 2038 1271 2101 perdidisses
1285 2075 1298 2097 ,
1318 2039 1459 2086 danda

171 2128 308 2174 opera
327 2127 442 2170 erat,
470 2125 518 2159 ut
536 2112 672 2175 magis
690 2113 898 2175 gauderes
918 2113 1041 2176 quod
1061 2113 1270 2159 habueras
1289 2149 1301 2170 ‚
1324 2130 1457 2176 quam

172 2200 393 2230 moereres
423 2185 544 2248 quod
573 2183 782 2231 amiseras.
818 2185 900 2230 Sed.
931 2185 1127 2249 plerique
1153 2203 1242 2231 non
1268 2203 1457 2244 compu-

171 2268 283 2314 tant,
304 2271 465 2319 quanta
486 2257 780 2320 perceperint,
803 2270 1074 2321 quantumve
1087 2259 1219 2321 gavisi
1242 2259 1334 2305 sint.
1353 2261 1456 2306 Hoc

173 2330 301 2376 habet
324 2330 436 2379 inter
463 2331 630 2394 reliqua
655 2331 763 2376 mala
793 2331 948 2386 dolor,
977 2333 1100 2385 Quod
1132 2349 1222 2379 non
1246 2332 1453 2395 superva-

169 2420 275 2450 cuus
304 2416 498 2461 tantum,
528 2404 599 2450 sed
631 2405 822 2468 ingratus
858 2403 930 2452 est,
965 2408 1082 2468 Ergo
1113 2407 1236 2469 quod
1266 2405 1450 2452 habuisti

166 2479 294 2526 talem
318 2478 508 2527 amicum
523 2511 537 2536 ,
566 2478 692 2540 periit
713 2478 882 2542 opera?
918 2492 984 2527 tot
1004 2478 1127 2527 annis
1142 2514 1157 2538 ‚
1191 2491 1308 2528 tanta
1333 2494 1450 2526 con-
