1730 2870
241 132 334 178 294
465 120 516 168 L.
574 94 882 167 ANNAEt
933 121 1294 172 SENECAE

301 227 421 274 Vffl.
441 228 690 287 Quomodo
708 243 815 290 ergo
835 228 929 275 talis
945 229 1071 277 flatus
1089 231 1360 294 concipitur,
1385 249 1518 296 quem

235 298 397 344 Graeci
418 308 642 360 ἑγκολπίαν
663 300 860 347 vocant?
885 302 1116 361 Quidquid
1133 321 1187 350 ex
1211 305 1251 351 se
1279 305 1458 366 paludes
1476 320 1520 354 et

233 371 415 418 flumina
435 371 640 417 emittunt
672 371 749 437 (id
769 388 915 421 autem
948 389 990 422 et
1021 378 1204 424 multum
1238 378 1325 436 est,
1357 390 1398 424 et
1423 378 1523 424 affi-

234 443 406 508 duum)
430 461 508 508 per
528 444 643 492 diem
668 447 766 494 iolis
787 448 1042 495 alimentum
1061 447 1121 495 est
1140 465 1152 496 :
1180 450 1311 497 nocte
1331 452 1423 495 non
1444 467 1521 497 ex-

233 516 431 562 hauritur
445 552 458 570 ‚
476 516 548 564 sed
575 520 799 565 montibus
821 519 1031 566 inclusum
1048 551 1064 576 ,
1083 519 1129 566 in
1147 537 1275 566 unam
1293 521 1522 585 regionem

234 587 470 652 colligitur.
501 591 616 636 Cum
635 591 752 637 illam
772 591 1006 655 implevit,
1039 592 1183 640 etiam
1203 594 1244 640 se
1263 610 1353 640 non
1373 595 1490 656 capit
1506 630 1525 652 ,

232 660 304 707 sed
330 663 592 724 exprimitur
610 665 758 726 aliquo
777 701 787 718 ,
811 680 854 711 et
874 667 917 711 in
936 681 1066 711 unam
1097 679 1265 728 parte-m
1289 665 1521 727 procedit:

232 733 306 782 hic
320 748 476 782 ventus
507 736 578 782 est.
603 740 750 798 ltaque
770 754 827 784 eo
846 738 1087 796 incumbit,
1107 755 1200 802 quo
1223 737 1404 785 liberior
1426 739 1522 785 exi-

233 818 301 854 tus
329 809 512 865 invitat,
544 823 587 855 et
612 811 703 856 loci
725 811 898 868 laxitas,
933 812 978 857 in
1008 829 1140 875 quam
1170 824 1431 860 coacervata
1452 812 1527 858 in-

235 894 424 928 currant.
466 883 607 928 Huius
642 883 705 928 rei
746 899 1049 947 argumentum
1089 885 1150 932 est
1167 921 1181 943 ‚
1226 886 1348 948 quod
1386 884 1527 947 prima

234 956 377 1002 noffis
406 969 529 1022 parte
559 973 651 1003 non
678 957 824 1020 spirat.
857 958 1015 1021 Incipit
1053 959 1171 1005 enim
1202 957 1297 1005 fieri
1323 970 1426 1004 tunc
1456 958 1529 1005 illa

234 1028 464 1086 collectio,
486 1046 597 1091 quae
615 1029 727 1077 circa
752 1030 895 1077 lucem
916 1031 1003 1077 iam
1022 1030 1145 1091 plena
1166 1030 1228 1077 est
1247 1065 1261 1088 ,
1281 1041 1322 1076 et
1348 1041 1529 1094 onerata

235 1102 405 1161 quaerit
423 1118 515 1165 quo
540 1101 702 1148 defluat
722 1120 733 1149 :
754 1118 797 1149 et
816 1120 874 1149 eo
897 1103 1168 1166 potiffimum
1191 1103 1280 1150 exit
1299 1138 1312 1159 ,
1343 1103 1417 1149 ubi
1436 1101 1528 1165 plu-

235 1172 400 1221 rimum
434 1174 565 1222 vacui
594 1175 677 1231 est,
708 1188 753 1223 et
780 1193 937 1240 magna
956 1194 1005 1224 ac
1035 1192 1187 1239 patens
1214 1193 1328 1223 area.
1365 1175 1527 1224 Adiicit

236 1259 380 1292 autem
401 1247 440 1293 ei
468 1247 664 1294 stimulos
691 1262 814 1295 ortus
841 1249 972 1306 solis,
998 1248 1160 1296 feriens
1195 1249 1386 1312 gelidum
1410 1249 1526 1294 aera.

237 1318 354 1363 Nam
374 1315 771 1384 etiam‘antequam
801 1335 1035 1383 appareat,
1068 1322 1232 1369 lumine
1259 1322 1353 1383 ipso
1378 1322 1493 1387 yalet
1512 1338 1526 1367 ε
1564 1377 1570 1383 ἱ

237 1404 282 1436 et
314 1391 512 1437 nondum
543 1390 723 1453 quidem
747 1391 847 1438 ae'ra
871 1395 1000 1440 radiis
1019 1396 1232 1456 impellit,
1264 1395 1349 1441 iam
1379 1406 1528 1441 tamen

236 1463 398 1511 laceffit
416 1476 459 1511 et
483 1464 620 1511 irritat
638 1500 651 1521 ‚
678 1465 774 1512 luce
793 1465 1036 1527 praemissa,
1056 1468 1169 1512 Nam
1195 1483 1293 1513 cum
1315 1466 1406 1528 ipse
1424 1482 1532 1528 pro-

237 1536 385 1595 ceffit,
416 1530 495 1582 alia
516 1536 711 1599 superius
738 1537 1001 1598 rapiuntur,
1028 1538 1108 1583 alia
1138 1537 1445 1584 diffunduntur
1463 1550 1528 1583 te-

238 1625 362 1672 pore.
394 1610 498 1656 Ideo
514 1625 605 1655 non
627 1609 738 1655 ultra
755 1610 1018 1673 matutinum
1045 1609 1129 1657 illis
1150 1610 1275 1658 datur
1291 1608 1411 1656 flare.
1427 1625 1530 1656 om·-

238 1684 306 1730 nis
340 1684 516 1730 illorum
538 1684 607 1731 vis
642 1684 874 1747 conspe&u
901 1684 1001 1731 solis
1019 1683 1337 1747 exstinguitur:
1365 1681 1528 1730 etiamsi

237 1756 527 1803 violentiores
554 1755 747 1814 flavere,
774 1755 890 1802 circa
914 1755 1107 1803 medium
1139 1770 1285 1803 tamen
1315 1755 1430 1802 diem
1459 1773 1533 1802 re·-

237 1830 544 1894 languescunt:
571 1847 667 1896 ⁴nec
699 1846 896 1892 unquam
928 1829 1064 1892 usque
1093 1829 1139 1875 in
1173 1830 1399 1876 meridiem
1429 1846 1532 1876 aura

238 1906 510 1968 producitur.
540 1904 634 1950 Alia
668 1917 812 1950 autem
844 1903 1104 1949 imbecillior
1135 1919 1185 1948 ac
1223 1901 1402 1948 brevior
1432 1903 1492 1948 est
1511 1938 1528 1961 ‚

237 1995 372 2043 prout
393 1979 706 2026 valentioribus
733 1976 1035 2023 minoribusve
1057 1974 1239 2021 collecta
1265 1975 1396 2022 cauiis
1421 1975 1495 2021 est.

304 2055 381 2100 IX.
409 2056 560 2114 Quare
589 2069 737 2100 tamen
758 2052 861 2098 tales
885 2050 1006 2096 venti
1033 2066 1140 2096 vere
1169 2062 1212 2095 et
1240 2049 1394 2095 aestate
1417 2049 1545 2118 vali--

240 2128 387 2174 diores
412 2126 545 2173 sunt?
575 2123 797 2172 Leviffimi
826 2123 943 2170 enim
971 2134 1113 2170 cetera
1148 2135 1267 2184 parte
1296 2121 1423 2178 anni,
1445 2137 1529 2169 nec

239 2200 316 2263 qui
339 2200 434 2246 vela
449 2199 658 2261 impleant
676 2233 689 2255 ,
709 2196 897 2260 surgunt.
917 2196 1034 2256 Quia
1054 2212 1133 2242 ver
1150 2193 1352 2257 aquofius
1366 2193 1450 2251 est,
1483 2204 1527 2240 et

237 2289 294 2319 ex
317 2271 512 2334 plurimis
538 2270 686 2334 aquis,
721 2267 888 2315 locisve
913 2268 974 2314 ob
996 2266 1220 2313 humidam
1255 2267 1368 2313 coeli
1399 2276 1526 2311 natu-

239 2362 333 2392 ram
366 2346 515 2392 saturis
539 2358 581 2392 et
611 2344 972 2400 redundantibus,
1003 2342 1143 2387 maior
1171 2339 1432 2402 evaporatio
1452 2337 1526 2385 est.

243 2420 303 2467 At
333 2434 468 2483 quare
502 2416 660 2467 aestate
695 2415 1010 2481 profunditur?
1043 2413 1160 2478 Quia
1191 2412 1292 2480 post
1323 2409 1527 2461 occasum
