1730 2870
266 121 361 165 *244
509 108 558 153 L.
602 105 894 152 ANNAEI
946 107 1301 154 SENECAE

328 212 490 260 XVHI.
521 212 726 258 Permitte
749 212 884 269 mihi,
912 213 1162 276 quaestione
1181 215 1363 278 seposita
1382 252 1394 274 ‚
1416 218 1539 264 casti-

264 303 366 350 gare
396 287 621 333 luxuriam.
658 286 779 332 Nihil
807 287 894 342 est,
925 287 1090 350 inquis,
1122 290 1256 336 mullo
1293 289 1538 351 exspirante

261 360 512 407 formosius.
545 359 634 421 Ipsa
667 360 975 405 colluctatione
1007 362 1195 408 animam
1226 364 1368 426 agenti
1403 365 1538 410 rubor

263 433 484 494 primum,
506 432 662 477 deinde
686 431 1104 491 pallor-suffunditur
1122 446 1282 497 :⁴quam
1305 452 1438 497 aeque
1460 453 1539 481 va-

262 506 424 560 riatur,
451 518 493 550 et
518 505 681 551 incerta
712 505 840 551 facies
866 506 979 552 inter
1007 508 1140 553 vitam
1172 520 1214 553 et
1242 523 1427 554 mortem
1459 526 1538 557 co-

262 579 366 625 loris
384 579 456 624 est.
479 580 663 623 Vacatio
682 580 809 641 longa
831 580 1144 627 somniculosae
1162 582 1391 645 inertisque
1408 587 1535 633 luxu-

261 653 363 700 riae.
391 655 538 711 Quam
571 651 666 698 sero
685 653 956 713 experrecta,
981 654 1275 700 circumscribi
1296 656 1338 702 se
1357 673 1398 704 et
1419 659 1536 706 frau-

263 727 355 774 dari
384 739 506 772 tanto
537 727 657 772 bono
683 727 818 772 sensit.
854 728 954 772 Hoc
980 728 1121 774 adhuc
1146 741 1270 773 tanto
1298 733 1536 790 speftaculo

258 817 306 848 et
336 812 421 846 tam
455 799 640 861 pulchro
666 800 899 862 piscatores
932 799 1197 847 fruebantur.
1225 804 1333 860 Quo
1362 806 1536 851 costum

243 871 457 936 ¹piscem?
490 889 584 934 quo
615 873 894 918 exanimem?
932 874 974 918 in
1012 874 1105 935 ipso
1139 873 1305 920 ferculo
1342 878 1537 929 exspiret.

263 945 534 992 Mirabamur
563 957 730 990 tantum
760 945 806 990 in
832 945 912 991 illis
930 946 1014 991 effe
1035 945 1250 991 fastidium
1267 979 1280 1000 ‚
1301 961 1347 995 ut
1376 953 1539 994 nollent

262 1019 501 1081 attingere,
530 1017 605 1062 nifi
638 1019 796 1064 eodem
824 1018 893 1064 die
925 1030 1098 1079 captum
1133 1020 1323 1080 piscem:
1355 1021 1426 1082 qui
1445 1057 1458 1077 ‚
1493 1034 1538 1068 ut

259 1091 413 1146 aiunt,
441 1090 605 1151 saperet
630 1090 767 1151 ipsum
791 1107 922 1136 mare.
950 1090 1055 1136 [deo
1075 1091 1198 1136 cursu
1219 1093 1538 1148 advehebatur,

261 1164 365 1212 ideo
392 1162 550 1226 gerulis
570 1179 671 1209 cum
702 1163 895 1210 anhelitu
919 1175 961 1209 et
992 1164 1180 1209 clamore
1210 1166 1539 1227 proper-anubis

259 1238 445 1284 dabatur
465 1237 549 1284 via.
577 1239 684 1297 Quo
710 1253 951 1300 pervenere
972 1237 1179 1284 deliciae?
1202 1241 1238 1284 Is
1256 1255 1338 1300 pro
1359 1239 1537 1301 putrido

262 1309 348 1355 iam
370 1307 495 1370 piscis
511 1306 687 1354 affertur
701 1342 713 1364 ‚
739 1307 815 1370 qui
836 1323 926 1352 non
945 1306 1076 1353 hodie
1094 1308 1269 1355 eduffiis
1283 1343 1294 1364 ‚
1312 1308 1442 1356 hodie
1461 1326 1536 1356 oc·

261 1381 371 1429 cisus
390 1380 463 1427 est.
484 1379 644 1428 Nescio
664 1380 716 1426 de
734 1395 779 1426 re
806 1396 961 1441 magna
981 1379 1060 1425 tibi
1075 1381 1269 1428 credere.
1287 1381 1378 1443 Ipse
1398 1398 1537 1444 opor-

261 1467 325 1502 tet
348 1453 455 1500 mihi
484 1455 656 1499 credam
677 1468 688 1496 ε
718 1453 803 1498 huc
826 1451 1027 1497 afferatur
1043 1487 1056 1507 ‚
1086 1467 1235 1498 coram
1256 1469 1327 1498 me
1347 1452 1536 1499 animam

261 1536 372 1590 agat.
409 1526 477 1572 Ad
503 1525 620 1572 hunc
655 1524 810 1571 fastum
841 1541 1084 1587 pervenere
1125 1537 1295 1572 ventres
1323 1524 1534 1573 delicato-

259 1618 359 1648 rum
374 1637 387 1659 ‚
403 1615 451 1647 ut
469 1598 634 1663 gustare
653 1615 742 1645 non
763 1597 922 1660 poffint
939 1598 1122 1661 piscem,
1142 1598 1219 1644 nisi
1233 1614 1362 1661 quem
1381 1598 1426 1645 in
1439 1598 1535 1661 ipso

255 1671 478 1720 convivio
503 1681 715 1716 natantem
732 1705 744 1726 ‚
768 1669 1135 1732 palpitantemque
1154 1669 1360 1715 viderint.
1381 1670 1537 1729 Quan-

258 1758 353 1792 tum
380 1744 435 1790 ad
464 1743 680 1790 solertiam
715 1742 912 1789 luxuriae
946 1741 1164 1804 pereuntis
1192 1742 1383 1797 accedit,
1413 1754 1535 1789 tanto

255 1817 454 1866 subtilius
482 1815 682 1880 quotidie
702 1828 744 1862 et
762 1816 996 1878 elegantius
1019 1815 1183 1879 aliquid
1213 1816 1432 1879 excogitat
1459 1816 1532 1863 fu-

259 1909 338 1939 ror
352 1925 366 1947 ‚
391 1891 540 1939 usitata
560 1904 859 1937 contemnens.
880 1890 953 1936 ma
973 1890 1277 1944 audiebamus,
1308 1891 1428 1936 Nihil
1446 1890 1532 1937 effe

254 1966 415 2012 melius
446 1962 609 2011 saxatili
639 1961 788 2008 mullo.
819 1963 876 2006 At
906 1977 1025 2007 nunc
1057 1961 1255 2007 audimus
1279 1978 1290 2007 ε
1319 1961 1442 2008 Nihil
1472 1961 1532 2008 est

252 2039 478 2086 'moriente
497 2035 742 2083 formosius.
770 2035 844 2082 Da
862 2033 969 2080 mihi
987 2033 1033 2080 in
1051 2050 1202 2080 manus
1220 2050 1298 2082 vas
1315 2033 1501 2082 vitreum
1517 2071 1532 2093 ,

256 2114 303 2160 in
323 2127 415 2175 quo
433 2109 645 2166 exsultet,
667 2108 710 2153 in
733 2124 824 2170 quo
844 2106 1041 2169 trepidet.
1062 2105 1151 2152 Ubi
1169 2106 1350 2154 multum
1370 2107 1532 2171 diuque

250 2187 456 2232 laudatus
485 2182 572 2240 est,
605 2199 660 2229 ex
692 2181 769 2227 illo
801 2180 1028 2244 perlucido
1053 2179 1227 2227 vivario
1259 2179 1528 2227 extrahitur:

252 2271 360 2305 {unc
385 2270 434 2304 ut
473 2254 655 2319 quisque
688 2253 871 2315 peritior
904 2252 990 2310 est,
1020 2252 1242 2301 monstrat.
1274 2254 1388 2300 Vide
1410 2268 1528 2315 quo-

253 2329 396 2376 modo
411 2328 612 2374 exarserit
627 2327 762 2372 rubor
775 2362 788 2384 ,
807 2327 930 2372 omni
953 2326 1096 2373 acrior
1114 2325 1253 2372 minio
1275 2344 1286 2372 :
1305 2326 1407 2372 vide
1421 2340 1527 2388 quas

252 2416 333 2462 per
343 2399 480 2446 latera
493 2413 625 2448 venas
642 2411 755 2461 agat:
772 2413 873 2446 ecce
885 2396 1159 2461 sanguineum
1174 2409 1297 2460 putes
1307 2407 1523 2445 ventrem:
