1730 2870
494 147 1076 210 episroLAE.
1297 141 1420 193 ποι

145 257 267 319 quod
290 256 456 302 bonum
483 253 544 300 est
562 288 575 310 ,
608 251 741 298 facit:
766 251 981 314 quidquid
1007 249 1131 309 facit,
1165 266 1326 314 corpus
1352 252 1424 299 est.

146 331 285 392 Quod
298 330 466 375 bonum
480 326 540 374 est
552 362 565 384 ,
585 324 779 388 prodest:
796 324 924 372 faciat
941 338 1082 372 autem
1103 324 1267 388 aliquid
1285 341 1428 388 opor-

143 415 230 460 tet,
254 415 301 448 ut
321 400 483 463 prosit:
519 398 550 444 fi
584 399 723 452 facit,
759 414 921 461 corpus
947 398 1020 443 est.
1057 398 1320 459 Sapientiam
1346 400 1428 447 bo-

144 492 248 521 num
275 473 358 520 esse
387 473 568 519 dicunt:
596 471 787 534 sequitur
805 506 818 527 ‚
842 484 889 516 ut
914 469 1080 517 necesse
1111 469 1160 517 fit
1189 471 1304 517 illam
1326 488 1426 518 cor-

142 547 338 610 poralem
368 561 548 608 quoque
574 545 731 591 dicere.
764 546 821 588 At
853 542 1001 604 sapere
1022 559 1112 588 non
1141 555 1294 605 putant
1312 545 1427 592 eius-

143 620 240 666 dem
262 618 529 666 conditionis
555 617 648 663 effe.
688 615 969 677 Incorporale
996 615 1056 661 est
1081 627 1124 662 et
1142 616 1342 664 accidens
1362 618 1428 664 al-

143 690 256 747 teri,
274 689 318 735 id
347 688 432 743 est,
462 687 721 749 sapientiae:
751 686 897 748 itaque
919 702 999 732 nec
1023 684 1129 733 facit
1151 687 1390 749 quidquam
1412 725 1427 746 ,

144 780 224 809 nec
260 761 445 841 prodest.
486 761 609 820 Quid
643 775 781 821 erge,
815 757 1044 821 inquiunt,
1082 775 1172 806 non
1209 760 1426 819 dicimus,

142 838 312 882 Bonum
334 834 393 881 est
413 819 586 895 sapere.
576 833 593 867 ἶ*
633 833 843 888 dicimus,
867 832 1101 881 referentes
1120 834 1173 879 ad
1194 834 1239 880 id
1262 851 1317 881 ex
1334 852 1428 896 quo

72 942 75 951 Δ
141 909 338 969 pendet,
368 907 413 952 id
435 904 526 961 est,
560 905 612 950 ad
640 904 773 966 ipsam
798 903 1062 966 sapientiam
1100 905 1319 953 Adversus
1344 907 1428 954 hos

132 979 249 1043 gquid
283 980 337 1025 ab
379 978 472 1025 aliis
512 977 861 1039 respondeatur,
904 975 1035 1033 audi,
1073 990 1304 1040 antequam
1342 995 1426 1042 ego

143 1052 311 1115 incipio
337 1051 564 1107 secedere,
583 1051 686 1102 etin
713 1051 790 1095 alia
815 1060 934 1110 parte
962 1049 1198 1096 confidere.
1225 1050 1310 1097 Isto
1327 1069 1426 1098 mo-

143 1126 231 1181 do,
261 1124 485 1187 inquiunt,
508 1140 588 1170 nec
622 1124 746 1170 beate
775 1121 932 1170 vivere
969 1122 1139 1170 bonum
1174 1124 1244 1170 est.
1278 1126 1426 1173 Veline

142 1196 313 1254 nolint,
353 1196 705 1258 respondendum
742 1195 834 1251 est,
867 1196 1035 1241 beatam
1074 1196 1210 1242 vitam
1254 1198 1423 1245 bonum

142 1271 262 1328 esse,
284 1282 333 1317 et.
357 1273 478 1318 beate
511 1271 664 1316 vivere
688 1270 855 1315 bonum
899 1286 989 1315 non
1031 1271 1125 1316 effe.
1173 1272 1421 1320 Etiamnum

142 1360 323 1407 quoque
341 1343 496 1390 nostris
524 1343 629 1388 illud
652 1342 906 1405 opponitur.
937 1342 1081 1390 Vultis
1106 1343 1288 1406 sapere?
1316 1364 1422 1409 ergo

142 1416 385 1477 expetenda
414 1432 481 1462 res
513 1414 594 1472 est,
618 1413 762 1476 sapere
784 1435 791 1458 :
815 1415 843 1460 fi
869 1415 1114 1477 expetenda
1141 1432 1209 1463 res
1234 1417 1318 1474 est,
1339 1420 1422 1468 bo-

142 1504 250 1532 num
282 1487 352 1533 est.
378 1488 612 1550 Coguntur
641 1486 776 1533 nostri
801 1487 934 1533 verba
956 1500 1161 1551 torquere
1179 1521 1194 1542 ‚
1216 1506 1260 1537 et
1289 1510 1418 1541 unam

143 1559 351 1621 syllabam
383 1559 631 1622 expetendo
660 1558 939 1622 interponere
959 1596 972 1617 ,
998 1579 1128 1623 quam
1158 1562 1303 1610 sermo
1335 1584 1420 1614 no-

141 1632 226 1681 ster
254 1632 382 1678 inseri
411 1648 501 1677 non
536 1631 642 1678 finit.
680 1634 777 1695 Ego
813 1632 926 1678 illam
938 1668 960 1689 ,.
988 1631 1017 1678 fi
1045 1634 1232 1696 pateris,
1265 1637 1421 1684 adiun-

143 1723 253 1768 gam.
284 1705 582 1766 Expetendum
608 1705 691 1762 est,
722 1705 951 1768 inquiunt,
980 1708 1104 1769 quod
1142 1707 1307 1755 bonum
1331 1712 1421 1760 est:

143 1780 490 1842 adexpetendum
513 1815 526 1836 ,
562 1780 687 1841 quod
719 1780 841 1826 bono
867 1781 1110 1843 contingit:
1149 1785 1299 1845 quod,
1321 1802 1420 1833 curn

143 1854 310 1900 bonum
339 1851 561 1899 consecuti
591 1851 735 1897 sumus
754 1884 768 1906 ‚
794 1869 883 1898 non
921 1853 1082 1913 petitur
1114 1865 1316 1918 tanquam
1339 1858 1421 1905 bo·

145 1942 248 1971 num
264 1961 277 1982 ‚
294 1925 364 1971 sed
385 1924 523 1987 petito
549 1925 672 1970 bono
701 1925 877 1971 accedit.
899 1926 995 1987 Ego
1014 1941 1103 1971 non
1123 1926 1239 1974 idem
1261 1929 1420 1989 sentio,

145 2011 187 2044 et
213 1997 386 2045 nostros
405 1997 553 2045 iudico
585 1997 628 2042 in
656 1997 743 2045 hoc
776 1997 1063 2046 descendere:
1091 2000 1191 2062 quia
1216 2001 1300 2047 iam
1335 2004 1424 2064 pri-

147 2089 225 2118 mo
254 2067 433 2119 vinculo
461 2072 691 2128 tenentur,
713 2086 757 2118 et
780 2084 948 2118 mutare
975 2071 1059 2120 illis
1077 2071 1314 2120 formulam
1333 2092 1423 2122 non

146 2145 258 2192 licet.
302 2145 492 2190 Multum
525 2144 626 2198 dare
659 2143 848 2192 solemus
880 2144 1192 2207 praesumtioni
1224 2147 1421 2193 omnium

147 2216 391 2263 hominum.
429 2217 562 2278 Apud
584 2208 663 2263 nos
693 2217 885 2264 veritatis
912 2229 1214 2279 argumentum
1246 2218 1328 2276 est,
1347 2220 1423 2265 ali—

148 2290 253 2346 quid
282 2289 484 2336 omnibus
505 2289 643 2335 videri
665 2307 676 2335 ε
708 2305 913 2350 tanquam
938 2290 1044 2335 deos
1067 2289 1150 2336 effe
1166 2325 1177 2345 ‚
1210 2290 1323 2338 inter
1341 2292 1421 2339 alia

148 2363 207 2409 iic
238 2362 481 2425 colligimus
498 2393 513 2415 ‚
539 2361 660 2423 quod
688 2362 892 2417 omnibus
925 2363 978 2408 de
1001 2362 1081 2408 diis
1108 2363 1262 2424 opinio
1301 2364 1420 2411 inlita

152 2435 241 2482 est:
271 2452 350 2484 nec
374 2435 459 2483 ulla
485 2451 588 2499 gens
615 2433 791 2499 usquam
821 2433 882 2483 est
910 2431 1169 2483 adeffexzra
1194 2438 1306 2500 leges
1324 2454 1424 2486 mo-
