1730 2870
517 123 1096 172 EPISTOLAE.
1358 136 1442 187 135

169 234 303 280 vitam
336 247 462 296 agere
498 232 658 279 eodem
697 243 898 293 tempore
933 228 1095 279 multos
1125 225 1405 275 meminimus
1433 247 1446 274 ε

172 306 284 352 inter
314 322 424 368 quos
451 317 493 351 et
524 304 709 351 Atilium
740 305 892 350 Butam
926 301 1218 366 praetorium,
1251 302 1320 348 cui
1352 300 1450 364 post

171 379 483 442 patrimonium
516 379 667 443 ingens
683 378 1003 434 consumtum,
1028 375 1237 423 Tiberius
1263 391 1450 438 pauper-

171 468 303 499 tatem
333 452 561 501 confitenti
583 489 595 511 ,
614 454 743 508 Sem,
780 451 951 515 inquit,
973 450 1251 513 experrectus
1277 465 1333 496 es.
1363 449 1451 495 Re-

171 523 331 571 citabat
361 528 596 572 Montanus
630 525 760 571 lulius
788 539 992 577 carmen,
1023 521 1262 569 tolerabilis
1288 521 1452 584 poeta,

171 607 215 642 et
242 597 431 643 amicitia
463 597 633 643 Tiberii
658 602 790 643 notus
808 630 820 651 ‚
854 606 896 640 et
920 593 1098 656 frigore.
1135 595 1274 639 Ortus
1299 605 1344 639 et
1367 608 1452 639 oc-

173 669 293 715 casus
319 669 594 719 libentiflime
620 669 841 716 inserebat.
865 669 1010 731 itaque
1032 683 1131 713 cum
1160 665 1453 728 indignaretur

174 743 350 805 quidam
373 745 490 791 illum
517 757 609 791 tota
629 745 700 791 die
726 741 942 795 recitasse,
967 755 1010 788 et
1035 752 1210 802 negaret
1238 738 1454 784 acceden-

174 815 278 861 dum
303 817 356 861 ad
385 816 659 862 recitationes
687 813 807 870 eius,
828 814 958 859 Natta
986 810 1182 857 Pinarius
1205 808 1261 854 ait
1282 826 1292 853 ;
1317 809 1457 854 Num-

175 888 283 951 quid
309 889 524 936 liberalius
548 888 721 951 poffum
740 891 894 950 agere?
922 887 1098 931 Paratus
1125 883 1216 929 sum
1241 881 1361 927 illum
1384 897 1458 927 au-

177 961 270 1008 dire
292 962 344 1008 ab
363 974 465 1008 ortu
482 962 536 1008 ad
560 959 780 1008 occasum.
809 960 926 1006 Cum
946 959 1030 1004 hos
1050 956 1194 1003 versus
1215 954 1426 1002 recitasset
1444 970 1455 998 :

243 1086 397 1145 Incipit
423 1089 606 1133 ardentes
637 1087 822 1130 Phoebus
840 1087 1053 1145 producere
1066 1083 1275 1146 flammas
1295 1111 1311 1134 ‚

242 1162 438 1218 Spargere
454 1160 504 1218 se
535 1162 759 1204 rubicunda
793 1160 903 1213 dies,
940 1159 1027 1202 iam
1061 1155 1181 1218 tristis
1220 1154 1399 1198 hirundo

244 1236 420 1293 Argutis
447 1235 624 1278 reditum
654 1235 764 1278 cibos
795 1234 1003 1277 immittere
1029 1230 1143 1274 nidis

247 1308 398 1367 Incipit
420 1339 433 1361 ‚
466 1324 502 1352 ec
539 1310 652 1352 molli
678 1308 858 1367 partitos
895 1324 957 1350 ore
990 1303 1218 1367 ministrat:

186 1432 328 1476 Varus
353 1447 484 1494 eque5
513 1432 739 1477 Romanus
762 1433 804 1476 L.
824 1428 988 1476 Vinicii
1011 1443 1160 1474 comes
1184 1458 1197 1481 ,
1230 1441 1466 1472 coenarum

184 1504 396 1550 bonarum
431 1505 687 1559 affectator,
724 1521 828 1567 quas
861 1502 1143 1564 improbitate
1173 1500 1342 1562 linguae
1375 1515 1469 1545 rne-

184 1576 358 1622 rebatur
376 1613 388 1631 ‚
428 1578 717 1623 exclamavit:
746 1576 900 1641 Incipit
928 1577 1034 1621 Buta
1062 1573 1270 1620 dormire.
1294 1571 1469 1619 Deinde

187 1664 285 1694 cum
313 1648 490 1696 subinde
524 1649 766 1696 recitasset:

253 1777 347 1817 Iam
367 1775 453 1832 sue
482 1776 661 1839 pastores
684 1774 858 1838 stabulis
885 1788 1071 1819 armenta
1101 1774 1320 1826 locarunt,

255 1850 349 1892 Iam
376 1850 470 1892 dare
491 1849 642 1908 sopitis
680 1866 768 1893 nox
805 1851 925 1911 nigra
941 1847 1114 1911 silentia
1140 1846 1254 1889 terris

254 1922 441 1981 Incipit:

192 2044 310 2090 Idem
333 2048 476 2091 Varus
509 2044 678 2108 irquit:
708 2044 832 2105 Quid
865 2044 1008 2092 dicit?
1043 2045 1128 2091 iam
1151 2060 1241 2090 nox
1271 2041 1351 2090 est:
1374 2041 1503 2100 ibo„

192 2129 234 2161 et
274 2119 422 2162 Butam
454 2116 663 2165 salutabO.
693 2118 815 2164 Nihil
853 2130 943 2165 erat
977 2117 1121 2164 notius
1156 2117 1236 2162 hac
1268 2115 1360 2162 eius
1384 2115 1479 2162 vita

192 2192 236 2237 in
258 2191 523 2237 contrarium
555 2191 837 2239 circumaua:
866 2209 1020 2254 quam,
1041 2204 1090 2238 ut
1118 2190 1230 2247 dixi,
1252 2187 1376 2235 multi
1395 2203 1481 2234 eo-

195 2265 292 2310 dem
326 2276 528 2327 tempore
559 2278 751 2329 egerunt.
787 2266 924 2312 Causa
944 2280 1090 2311 autem
1120 2262 1180 2309 est
1211 2263 1271 2309 ita
1296 2259 1482 2309 vivendi

192 2337 449 2401 quibusdam
475 2374 487 2394 ‚
531 2355 620 2385 non
663 2339 764 2401 quia
811 2339 976 2402 aliquid
1015 2337 1259 2387 existiment
1302 2336 1480 2382 nostem

160 2424 174 2434 Χ
192 2410 329 2475 ipsam
350 2412 505 2461 habere
532 2412 782 2472 iucundius,
802 2411 873 2459 sed
890 2412 993 2477 quia
1012 2411 1116 2459 nihil
1135 2409 1258 2457 iuvat
1272 2409 1480 2465 obvium,

1142 2485 1227 2542 14
