1730 2870
244 161 333 208 252
497 147 546 194 L.
597 146 895 192 ANNAE1
944 147 1286 195 SENECAE

304 253 476 299 XXVI.
517 252 683 299 Aestate
721 253 931 315 quaedam
968 253 1147 301 flumina
1182 268 1394 318 augentur
1411 290 1424 312 ‚
1464 267 1511 301 ut

240 324 364 370 Nilus
388 342 399 369 :
434 324 554 370 cuius
583 324 687 370 alias
711 325 821 370 ratio
852 326 1063 372 reddetur.
1096 328 1421 389 Theophrastus
1450 329 1510 374 est

240 396 417 452 ευᾶοτ,
450 397 494 441 in
520 398 664 443 Ponto
692 413 870 460 quoque
901 397 1110 459 quosdam
1145 416 1291 447 amnes
1321 401 1512 448 crescere

240 478 438 529 tempore
455 469 646 516 aestivo:
673 485 862 533 quatuor
881 483 1025 517 autem
1044 471 1129 518 effe
1146 471 1337 521 iudicant
1357 473 1510 521 causas.

239 544 327 587 Aut
358 542 459 604 quia
489 554 594 590 tunc
620 544 808 590 maxime
829 544 873 589 in
904 544 1133 591 humorem
1157 547 1371 594 mutabilis
1399 561 1511 594 terra

240 614 330 661 est:
353 631 424 662 aut
451 617 550 680 quia
579 618 765 664 maiores
786 618 828 663 in
861 632 1038 665 remoto
1063 621 1222 667 imbres
1247 621 1340 668 sunt
1359 659 1373 679 ,
1395 639 1508 687 quo-

239 703 337 733 rum
361 705 470 752 aqua
497 707 574 751 per
594 691 780 738 secretos
799 690 1022 737 cuniculos
1048 693 1215 739 reddita
1233 728 1246 750 ‚
1275 695 1403 742 tacite
1426 695 1510 741 suf—

239 758 449 808 funditur.
475 763 624 808 Tertia
639 799 651 819 ‚
673 763 701 808 fi
727 763 1019 810 crebrioribus
1042 765 1179 811 ventis
1194 764 1348 811 ostium
1367 767 1510 813 caedi-

240 841 330 890 tur,
363 844 404 879 et
421 836 722 882 reverberatus
740 834 876 881 Ηιιᾶιι
901 837 1037 883 amnis
1056 836 1206 884 restitit
1225 855 1235 883 ε
1256 838 1332 900 qui
1347 837 1510 885 cresce-

238 922 288 953 re
310 908 510 963 videtur‚
545 911 645 973 quia
666 927 756 957 non
772 909 1021 957 effunditur.
1053 912 1221 971 Quarta
1251 911 1363 959 ratio
1381 912 1442 959 est
1457 913 1513 958 fi-

240 980 405 1028 derum.
442 985 560 1031 Haec
590 984 706 1031 enim
736 983 993 1047 quibusdam
1031 984 1247 1032 mensibus
1280 986 1414 1049 magis
1443 1003 1512 1032 ur-

240 1067 364 1117 gent,
393 1070 436 1104 et
465 1059 726 1106 exhauriunt
756 1057 968 1104 flumina:
998 1074 1095 1105 cum
1125 1058 1298 1122 longius
1330 1058 1512 1106 receffe-

239 1140 370 1185 runt,
403 1130 542 1177 minus
560 1132 824 1178 consumunt
853 1144 981 1193 atque
1011 1132 1197 1179 trahunt.
1225 1136 1371 1193 Itaque
1390 1130 1514 1194 quod

240 1198 467 1261 impendio
494 1202 680 1260 solebat,
714 1203 757 1249 id
783 1204 1056 1249 incremento
1084 1202 1264 1249 accedit.
1286 1202 1514 1263 Quaedam

243 1273 421 1322 flumina
441 1278 576 1339 palam
601 1279 644 1323 in
665 1277 854 1340 aliquem
875 1277 1048 1337 specum
1070 1276 1275 1323 decidunt
1293 1312 1306 1334 ‚
1324 1290 1366 1323 et
1384 1275 1439 1323 fic
1458 1292 1515 1322 ex

241 1349 380 1397 oculis
402 1349 655 1397 auferuntur
676 1368 686 1396 t
706 1351 918 1414 quaedam
937 1350 1251 1419 consumuntur
1267 1349 1476 1411 paulatim
1498 1379 1513 1403 ‚

241 1433 284 1468 et
308 1422 575 1469 intercidunt
594 1442 603 1469 :
625 1424 776 1470 eadem
797 1440 851 1469 ex
868 1422 1100 1468 intervallo
1126 1432 1423 1475 revertuntur,
1444 1436 1514 1465 re-

241 1494 494 1559 cipiuntque
515 1509 556 1542 et
576 1513 736 1542 nomen
756 1511 798 1542 et
817 1497 1001 1542 cursum.
1030 1495 1167 1541 Causa
1189 1493 1412 1539 manifesta
1431 1493 1513 1548 est,

240 1567 316 1613 sub
336 1583 449 1613 terra
469 1580 594 1614 vacat
620 1568 754 1614 {ocus
775 1568 1092 1627 Omnis-autem
1112 1567 1272 1612 humor
1292 1577 1440 1611 natura
1462 1567 1523 1612 ad'

240 1639 418 1687 inferius
433 1672 446 1696 ‚
465 1652 509 1687 et
526 1642 578 1686 ad
597 1641 726 1686 inane
744 1639 949 1686 defertur.
969 1639 1050 1685 1110
1067 1639 1211 1702 itaque
1230 1652 1401 1701 recepta
1427 1638 1514 1685 flu-

241 1713 359 1758 mina
387 1714 534 1760 cursus
557 1728 682 1775 egere
705 1713 875 1758 secreto
894 1729 903 1757 2
924 1710 995 1757 sed
1015 1727 1115 1757 cum
1137 1710 1328 1772 primum
1353 1710 1516 1773 aliquid

241 1783 392 1840 solidi,
427 1785 550 1847 quod
591 1783 812 1841 obstaret,
845 1784 1038 1831 occurrit
1064 1815 1077 1837 ‚
1119 1796 1325 1845 perrupta
1364 1794 1515 1846 parte,

240 1873 350 1919 quae
369 1857 590 1904 minusad
608 1856 775 1904 exitum
799 1856 1065 1920 repugnabat
1079 1890 1092 1913 ‚
1112 1855 1325 1918 repetiere
1344 1854 1514 1902 cursum

241 1927 382 1974 suum.

309 2039 343 2080 S
347 2037 381 2080 ic
406 2036 477 2079 ubi
495 2051 643 2080 terreno
666 2037 798 2095 Lycus
815 2036 866 2100 est
880 2049 1018 2094 epotus
1037 2035 1177 2092 hiatu,

307 2111 350 2154 E
353 2109 478 2173 xststit
488 2112 636 2169 procul
649 2111 745 2153 lzifzc
759 2144 771 2164 ,
789 2109 951 2168 alioque
969 2107 1188 2167 renafiitur
1205 2124 1278 2152 ore.

308 2186 342 2227 S
346 2186 381 2227 ic
400 2184 519 2226 modo
535 2183 778 2243 *combibitur
799 2215 812 2238 ,
828 2182 952 2226 tacito
977 2182 1095 2225 modo
1109 2181 1262 2242 gurgite
1279 2178 1419 2239 lapfics
1432 2213 1446 2236 ‚

311 2257 514 2301 Redditur
529 2256 738 2318 Argolicis
763 2256 904 2316 ingens
926 2253 1124 2316 Erasinus
1143 2256 1187 2298 in
1215 2255 1351 2299 undis.

244 2360 363 2406 Idem
384 2375 427 2406 et
443 2358 487 2405 in
506 2359 690 2407 Oriente
710 2359 858 2423 Tigris
878 2360 980 2407 facit
999 2377 1013 2404 ι
1037 2360 1286 2407 absorbetur
1299 2396 1313 2416 ,
1339 2373 1382 2406 et
1400 2359 1510 2405 defi-

244 2433 415 2480 deratus
432 2433 534 2492 diu,
559 2434 735 2483 tandem
754 2434 884 2497 longe
910 2445 1085 2482 remoto
1105 2434 1229 2492 loco,
1256 2443 1510 2480 nontamen
