1730 2870
377 127 642 176 NATUR.
684 127 982 188 QUAEST.
1028 128 1145 174 LIB.
1181 129 1250 174 111.
1364 129 1451 192 263

182 235 457 285 crediderim.
483 235 577 282 Nec
605 234 687 281 erit
703 235 833 300 longa
853 252 976 282 mora
993 234 1129 282 exitii.
1151 236 1367 285 Tentatur
1388 236 1458 282 di·-

183 310 444 373 vestiturque
482 308 722 355 concordia
737 344 751 366 ,
788 326 891 356 cum
933 309 1060 356 semel
1100 309 1263 372 aliquid
1293 324 1348 357 ex
1379 309 1459 357 hac

183 380 342 426 idonea
381 378 599 442 diligentia
634 379 845 426 remiserit
888 380 1074 426 mundus
1099 397 1111 425 t
1155 380 1292 426 statim
1332 381 1461 428 undi-

182 470 268 517 que
292 469 346 499 ex
372 467 525 515 aperto
554 453 763 514 superne,
792 470 845 499 ex
872 453 1022 498 abdito
1056 453 1110 498 ab
1134 454 1461 517 imoaquarum

181 525 258 572 fiet
275 525 476 587 irruptio.
505 525 622 572 Nihil
651 525 711 571 est
733 537 820 570 tam
843 524 1090 571 violentum
1121 537 1163 570 et
1185 526 1462 574 incontinens

181 587 273 654 sui,
289 608 376 642 tam
394 609 633 643 contumax
646 631 659 650 ,
678 595 972 657 infestumque
991 597 1277 644 retinentibus
1291 633 1305 656 ,
1328 615 1460 661 quam

182 685 339 732 magna
367 670 434 718 vis
468 670 635 716 undae:
664 681 808 715 utetur
844 668 1039 716 libertate
1061 670 1289 732 permiffa,
1320 685 1363 717 et
1390 671 1463 717 iu-

182 740 310 787 bente
345 755 495 787 natura
519 776 532 798 ,
564 757 674 802 quae
707 740 862 788 scindit
897 740 1172 804 circuitque‚
1207 745 1465 807 complebit.

181 815 245 860 Ut
262 813 371 877 ignis
391 812 568 860 diver-fis
586 813 694 860 locis
713 828 837 860 ortus
851 848 864 870 ‚
897 814 987 860 cito
1006 815 1155 862 miscet
1174 814 1428 874 incendium
1448 851 1463 875 ,

182 885 372 932 flammis
388 885 508 932 coire
525 886 880 947 properantibus:
900 886 956 934 fic
975 899 1204 934 momento
1219 889 1464 936 redundan-

182 959 240 1006 tia
258 959 394 1005 maria
412 957 453 1005 se
469 957 757 1004 committent.
781 959 874 1004 Nec
895 974 944 1003 ea
963 957 1131 1020 semper
1149 958 1322 1005 licentia
1336 961 1464 1008 undis

183 1033 290 1081 erit:
311 1033 382 1080 sed
402 1033 576 1096 ρετειξὶο
595 1031 733 1080 exitio
752 1031 920 1096 generis
936 1031 1144 1091 humani,
1164 1034 1464 1099 exstinfflsque

183 1107 347 1169 pariter
365 1106 466 1153 feris
482 1142 495 1164 ,
512 1105 555 1152 in
575 1123 756 1172 quarum
778 1105 980 1152 homines
999 1105 1142 1170 ingen'
1206 1109 1464 1168 ransierant,

183 1179 342 1226 iterum
372 1196 504 1243 aquas
532 1193 645 1226 terra
677 1179 870 1225 sorbebit
895 1195 905 1224 :
938 1192 1087 1225 natura
1116 1119 1292 1244 ggus
1322 1181 1461 1240 stare,

183 1263 256 1297 aut
278 1251 391 1298 intra
423 1251 636 1298 terminos
669 1251 767 1296 suos
792 1250 935 1296 furere
967 1261 1126 1312 coget:
1157 1263 1199 1298 et
1224 1253 1406 1300 reiectus
1438 1270 1464 1301 e

182 1323 340 1370 nostris
364 1323 561 1380 sedibus,
591 1322 637 1368 in
667 1321 740 1367 sua
770 1321 929 1367 secreta
956 1320 1139 1383 pelletur
1159 1324 1364 1371 Oceanus
1386 1342 1397 1371 :
1421 1337 1464 1372 et

184 1397 386 1459 antiquus
411 1396 526 1443 ordo
550 1394 844 1443 revocabitur.
871 1395 1019 1440 Omne
1038 1409 1092 1440 ex
1113 1394 1285 1459 integro
1304 1397 1463 1444 animal

183 1469 458 1533 generabitur
479 1505 492 1524 ‚
528 1468 788 1531 dabiturque
811 1467 936 1514 terris
966 1467 1105 1514 homo
1136 1469 1290 1517 inscius
1328 1471 1462 1519 scele-

184 1560 282 1590 rum
301 1578 316 1601 ,
341 1554 382 1589 et
404 1541 656 1589 melioribus
680 1541 879 1605 auspiciis
908 1552 1043 1587 natus.
1071 1542 1155 1589 Sed
1182 1542 1265 1590 illis
1282 1560 1463 1607 quoque
1533 1554 1539 1558 '

184 1616 438 1667 innocentia
473 1633 564 1662 non
593 1617 790 1671 durabit,
820 1615 899 1661 nisi
931 1616 1036 1661 dum
1072 1617 1184 1664 novi
1217 1618 1321 1664 sunt.
1355 1618 1461 1666 Cito

185 1688 379 1752 nequitia
396 1687 584 1751 subrepit
606 1706 616 1735 ε
637 1688 777 1735 virtus
794 1687 980 1735 difficilis
995 1689 1180 1737 inventu
1201 1689 1261 1735 est
1277 1725 1292 1747 ,
1316 1692 1462 1737 recio-

130 1773 145 1800 ἰ
186 1779 279 1809 rem
307 1762 554 1826 ducemque
585 1756 808 1815 desiderat.
839 1761 982 1808 Etiam
1011 1761 1098 1808 fine
1126 1762 1333 1828 magistro
1356 1764 1464 1815 vitia

187 1836 419 1886 discuntur.
