1730 2870
409 109 668 157 NATUR.
709 106 1003 168 QUAEST.
1053 107 1172 152 ΗΒ.
1206 108 1303 154 vn.
1404 124 1494 171 359

219 217 422 282 paulatim
455 214 712 278 magnitudo
746 213 836 260 eius
870 213 1060 261 districta
1093 211 1154 259 est
1178 247 1192 270 ,
1232 223 1276 259 et
1317 214 1495 261 evanuit

218 291 397 338 claritas.
415 287 661 334 Noviffime
684 302 828 335 autem
849 301 966 335 totus
986 286 1219 333 intercidit.
1243 287 1369 346 Quot
1388 303 1495 349 ergo

217 360 338 407 coire
375 358 508 404 stellas
543 369 752 418 oportet,
790 372 836 404 ut
871 370 1041 404 tantum
1074 373 1235 419 corpus
1271 357 1496 404 efficiant?

219 431 338 477 Mille
358 431 402 475 in
422 446 556 475 unum
576 429 677 476 licet
701 445 967 493 congreges,
997 444 1216 491 nunquam
1237 429 1355 476 hunc
1373 429 1496 476 habi-

217 515 307 548 tum
337 501 435 548 solis
453 502 711 564 aequabunt.
736 502 884 548 Attalo
905 513 1138 563 regnante,
1177 500 1306 546 initio
1327 502 1494 547 Come·
1546 554 1549 557 ¹

217 588 280 621 tes
299 574 499 637 apparuit
524 572 736 620 modicus.
762 573 937 620 Deinde
957 571 1120 619 sustulit
1139 572 1179 619 se
1210 572 1493 636 diffuditque,

215 658 260 692 et
276 646 468 709 usquein
488 645 848 708 aequinoctialem
871 644 1080 692 circulum
1102 645 1249 703 venit,
1278 647 1336 693 ita
1365 661 1412 693 ut
1438 648 1495 692 il-

217 718 301 763 lam
326 717 492 780 plagam
514 716 654 773 coeli,
688 715 760 762 cui
780 716 911 763 lactea
937 732 1105 763 nomen
1125 715 1214 773 est,
1242 717 1288 762 in
1307 718 1497 764 immen-

217 790 308 837 sum
328 801 528 836 extentus
548 801 765 852 aequaret.
787 791 915 849 Quot
934 806 1040 852 ergo
1061 789 1315 837 convenisse
1335 792 1495 839 debent

217 862 450 919 erraticae,
486 872 534 907 ut
555 872 643 907 tam
669 862 850 925 longum
883 863 995 910 coeli
1020 862 1203 910 tractum
1222 876 1496 930 occuparent

217 932 319 996 igne
342 932 554 980 continuo
571 932 600 980 ἓ,

270 1007 409 1059 ¹XVI.
434 1008 604 1053 Contra
622 1020 926 1071 argumentum
954 1009 1116 1057 dictum
1134 1009 1194 1057 est
1214 1027 1225 1057 ε
1248 1022 1403 1058 contra
1429 1021 1497 1056 te-

218 1076 298 1125 stes
318 1078 551 1125 dicendum
574 1078 646 1125 est.
672 1080 767 1126 Nec
794 1096 948 1143 magna
975 1081 1206 1128 molitione
1236 1081 1498 1128 detrahenda

216 1152 278 1199 est
301 1152 531 1199 auctoritas
551 1153 737 1215 Ephoro
757 1171 771 1200 t
791 1153 1019 1201 historicus
1045 1155 1118 1201 est.
1143 1154 1335 1214 Quidam
1355 1155 1497 1201 incre-

216 1224 415 1271 dibilium
444 1226 586 1272 relatu
616 1225 1051 1272 commendationem
1077 1240 1260 1288 parant,
1290 1242 1333 1273 et
1355 1227 1498 1274 letto:

215 1314 308 1345 rem
329 1299 444 1344 aliud
462 1298 658 1344 aciurum
675 1332 688 1355 ,
713 1297 742 1342 fi
761 1314 839 1360 per
856 1297 1111 1361 quotidiana
1134 1299 1390 1356 duceretur,
1413 1300 1498 1343 mi-

215 1369 363 1416 raculo
381 1370 584 1416 excitant.
605 1367 800 1430 Quidam
825 1368 1016 1426 creduli,
1035 1368 1213 1432 quidam
1233 1370 1500 1433 negligentes

216 1442 312 1489 sunt
342 1460 354 1489 ε
386 1443 643 1502 quibusdam
681 1443 959 1489 mendacium
1000 1443 1204 1504 obrepit,
1237 1443 1499 1505 quibusdam

217 1516 369 1578 placet.
397 1516 462 1562 llli
484 1524 583 1562 non·
603 1515 771 1562 evitant
786 1551 799 1573 ,
827 1515 871 1561 hi
889 1528 1108 1578 appetunt.
1130 1518 1182 1561 Et
1206 1515 1354 1562 hocin
1372 1534 1499 1564 com-

167 1618 174 1624 ,
217 1606 350 1636 mune
378 1590 432 1636 de
461 1603 555 1635 tota
574 1588 781 1635 natione:
804 1606 914 1652 quae
938 1588 1172 1652 approbari
1205 1606 1316 1651 opus
1344 1591 1465 1638 suum
1482 1627 1499 1650 ,

216 1675 262 1708 et
290 1661 384 1709 fieri
417 1663 628 1724 populare
664 1678 755 1708 non
785 1674 908 1724 putet
939 1663 1095 1725 posse,
1128 1662 1203 1708 nisi
1236 1664 1343 1710 illud
1372 1681 1497 1711 men-

217 1734 345 1781 dacio
377 1735 563 1798 aspersit.
589 1735 791 1798 Ephorus
815 1752 926 1782 vero
960 1751 1050 1781 non
1076 1735 1411 1798 religiosiffimae
1442 1738 1498 1782 f-

217 1806 321 1864 dei,
349 1806 471 1870 saepe
508 1805 749 1869 decipitur,
784 1806 908 1869 saepe
941 1806 1117 1868 decipit.
1149 1807 1267 1852 Sicut
1302 1808 1371 1854 hic
1403 1809 1496 1855 Co-

217 1892 391 1939 meten,
427 1881 518 1944 qui
546 1880 746 1926 omnium
788 1880 1039 1928 mortalium
1074 1879 1213 1926 oculis
1257 1880 1496 1928 custoditus

217 1953 308 2012 est,
341 1955 442 2017 quia
465 1955 649 2016 ingentis
679 1954 741 2000 rei
769 1956 898 2001 traxit
929 1966 1143 2009 eventus,
1177 1971 1278 2000 cum
1313 1954 1497 2003 Helicen

217 2039 261 2073 et
294 2026 423 2073 Burin
470 2042 571 2073 ortu
611 2026 688 2073 suo
728 2027 927 2074 merserit
951 2064 965 2085 ‚
1007 2026 1063 2082 ait
1102 2026 1227 2072 illum
1267 2026 1497 2075 disceffiffe

217 2097 261 2143 in
298 2100 401 2145 duas
428 2098 598 2146 stellas:
629 2100 752 2163 quod
781 2116 952 2163 praeter
985 2100 1107 2146 illum
1134 2114 1269 2146 nem-o
1302 2099 1496 2149 tradidit.

217 2170 331 2229 Quis
360 2171 475 2219 enim
506 2172 643 2234 poffet
673 2172 906 2220 observare
942 2173 1047 2220 illud
1071 2183 1373 2231 momentum,
1399 2190 1495 2237 quo

219 2244 429 2296 Cometes,
460 2245 622 2292 solutus
642 2278 657 2299 ‚
692 2259 735 2291 et
767 2246 812 2290 in
847 2246 951 2293 duas
989 2258 1134 2308 partes
1167 2246 1366 2294 redactus
1399 2247 1497 2294 est?

219 2318 466 2375 Quomodo
512 2331 654 2365 autem
698 2319 727 2364 fi
764 2319 824 2365 est
867 2320 944 2383 qui
988 2319 1149 2366 viderit
1190 2319 1410 2366 Cometen
1434 2313 1494 2366 *in

219 2389 320 2437 duas
347 2390 521 2451 dirimi,
546 2408 677 2439 nemo
701 2390 810 2439 vidit
834 2390 931 2440 fieri
947 2407 1001 2439 ex
1022 2391 1214 2440 duabus?
1245 2392 1394 2453 Quare
1414 2407 1495 2438 au·
