1730 2870
224 133 313 180 ιμ
448 107 1267 172 L.ANNAE18ENECAE

220 236 364 273 turam
389 239 508 274 tuam
530 225 724 288 posueris
751 241 793 273 et
814 238 1023 284 aetatem,
1053 229 1154 276 licet
1184 229 1321 293 prima
1341 229 1418 287 fit;
1453 249 1503 281 ac

221 299 300 345 tibi
325 296 415 360 ipse
445 299 632 346 dixeris:
651 298 785 359 'Quid
811 299 1016 347 insanio?
1050 302 1155 363 quid
1175 303 1371 350 anhelo?
1396 306 1504 368 quid

222 371 359 418 sudo?
392 371 498 434 quid
526 383 685 419 terram
721 371 883 419 verso?
915 373 1022 436 quid
1054 374 1201 421 forum
1239 376 1366 423 viso?
1407 379 1504 425 Nec

222 444 367 494 multo
391 459 505 506 opus
533 443 594 489 est
610 479 624 500 ,
653 461 733 492 nec
753 444 839 490 diu.
870 445 940 492 Ad
961 444 1049 491 hoc
1070 448 1265 508 proderit
1287 450 1413 497 nobis
1437 449 1504 496 in-

220 515 386 577 spicere
404 531 552 560 ferum
573 527 780 563 naturam.
799 515 948 578 primo
968 517 1235 566 discedemus
1254 537 1278 566 a
1297 522 1501 581 sordidis,

218 587 381 636 deinde
408 587 599 636 animum
622 588 764 651 ipsum
779 625 792 646 ,
818 606 909 653 quo
936 607 1096 654 magno
1117 592 1374 658 summoque
1392 613 1504 659 opus

221 661 313 719 est,
339 662 589 711 seducemus
619 681 642 710 a
666 680 872 726 corpore.
903 665 1081 712 Deinde
1101 666 1145 711 in
1175 669 1360 715 occultis
1377 687 1504 716 exer-

222 735 351 782 citata
370 736 576 784 subtilitas
590 773 605 794 ,
629 752 718 783 non
735 736 815 782 erit
834 735 878 781 in
896 749 1048 798 aperto
1069 737 1274 785 deterior.
1292 740 1409 786 Nihil
1428 759 1503 788 au-

222 821 313 855 tem
338 808 399 854 est
418 810 606 870 apertius
634 809 699 856 his
724 809 1001 869 salutaribus,
1035 829 1145 875 quae
1176 825 1326 859 contra
1347 816 1503 878 nequi-

226 882 329 928 tiam
365 882 556 927 nostram
586 882 871 948 furoremque
903 884 1152 946 discuntur,
1180 902 1292 950 quae
1325 886 1504 935 damna-

226 971 321 1002 mus
333 989 349 1013 ,
368 971 448 1003 nec
462 955 690 1018 ponimus.

620 1100 991 1148 CAPUT
1091 1105 1122 1149 Ι,

234 1187 693 1327 QUAERAMUS
728 1274 834 1322 ergo
859 1257 913 1305 de
932 1257 1083 1320 aquis,
1107 1272 1150 1305 et
1168 1258 1505 1324 investigemu35

223 1345 310 1391 qua
338 1328 505 1376 ratione
527 1327 632 1377 fiant
651 1347 662 1376 ε
688 1329 775 1377 five
791 1365 805 1388 ‚
829 1341 876 1377 ut
894 1329 954 1377 ait
970 1330 1159 1378 Ovidius
1176 1365 1192 1389 ,

294 1447 406 1490 Fons
426 1461 511 1491 erac
529 1447 673 1492 illimis
695 1447 845 1493 nitidis
867 1463 1078 1510 argenteus
1097 1450 1222 1496 undis
1240 1466 1259 1494 .·

222 1551 312 1601 sive
326 1588 343 1610 ,
368 1565 417 1600 ut
435 1553 493 1601 ait
520 1553 726 1618 Virgilius
744 1590 760 1614 ,

1061 1642 1065 1645 “
1304 1643 1310 1657 C

295 1664 509 1723 Undeper
526 1681 596 1708 ora
617 1682 759 1708 novem
780 1665 891 1730 vasto
917 1683 1007 1710 cum
1027 1683 1228 1711 murmure
1249 1668 1405 1711 montis

290 1739 332 1782 It
358 1756 465 1783 mare
478 1754 742 1799 praeruptum
757 1771 771 1794 ‚
793 1737 835 1784 G
855 1742 1003 1802 pelago
1013 1743 1161 1801 premit
1185 1743 1477 1801 arvafimanti
1488 1759 1506 1788 :

223 1861 311 1909 five
333 1878 380 1909 ut
402 1862 520 1925 apud
539 1875 581 1909 te
594 1898 609 1920 ,
645 1862 794 1909 Iunior
810 1863 1022 1910 cariffime
1036 1899 1050 1921 ‚
1078 1863 1263 1912 invenio
1278 1900 1293 1923 ,

286 1989 416 2033 Eleus
441 1987 597 2034 Siculis
624 1991 671 2033 de
688 1988 884 2047 fimtibus
910 1989 1044 2053 exsilit
1063 1991 1219 2035 amnis.

220 2128 331 2175 quae
350 2109 464 2158 ratio
485 2127 617 2175 aquas
636 2110 927 2160 subministret
946 2129 956 2156 :
979 2113 1213 2176 quomodo
1233 2123 1300 2160 tot
1323 2113 1503 2161 flumina

222 2184 414 2248 ingentia
437 2202 516 2247 per
535 2185 650 2232 diem
678 2185 942 2250 nostemque
966 2187 1198 2233 decurrant
1223 2203 1234 2232 :
1265 2203 1399 2249 quare
1424 2187 1505 2234 alia

222 2258 412 2305 hibernis
432 2257 554 2321 aquis
573 2257 882 2317 intumescant,
902 2258 983 2304 alia
1001 2259 1045 2304 in
1064 2259 1235 2306 defeftu
1256 2270 1503 2306 ceterorum

223 2332 418 2377 amnium
439 2332 650 2379 crescant.
671 2332 822 2379 Nilum
846 2332 1020 2379 interim
1041 2333 1298 2395 seponamus
1313 2350 1336 2378 a
1356 2333 1502 2391 turba,

218 2404 426 2469 propriae
455 2420 632 2455 naturae
652 2419 695 2456 et
722 2405 973 2472 singularis:
1006 2405 1066 2454 illi
1083 2405 1200 2454 diem
1223 2405 1348 2454 suum
1376 2405 1502 2453 dabi-
