1730 2870
327 133 590 180 NATUR.
634 129 939 191 QUAEST.
981 132 1099 177 LIB.
1138 134 1214 180 lV.
1317 136 1408 195 287

135 239 367 303 pentesque
399 237 557 301 frigida
584 236 848 299 spargimus,
870 249 918 282 ut
944 238 996 283 ad
1028 237 1193 292 sensum
1213 239 1276 285 sui
1310 240 1412 285 red-

134 327 258 359 eant:
284 313 340 358 ita
376 311 534 357 viscera
565 308 747 354 istorum
782 309 897 356 vitiis
928 306 1146 372 serpentia
1180 311 1288 357 nihil
1313 311 1412 357 sen—

135 386 274 443 tiunt,
305 383 380 430 nifl
398 382 564 445 frigore
592 382 662 428 illa
688 383 1020 430 vehementiore
1043 383 1278 447 perufferis.
1307 386 1414 447 Inde

135 460 211 515 est,
227 460 425 520 inquam,
445 457 567 520 quod
587 472 667 502 nec
687 456 790 502 nive
804 457 980 519 quidem
999 459 1195 504 contenti
1210 446 1415 518 sunt‚⁶sed

134 531 316 593 glaciem
333 562 346 584 ‚
376 530 496 575 velut
516 528 676 575 certior
693 527 753 572 illi
771 544 822 572 ex
846 527 986 573 solido
1011 528 1130 591 rigor
1149 530 1197 576 sit
1213 567 1226 589 ‚
1256 531 1414 594 exqui-

135 614 261 659 runt,
295 618 345 647 ac
369 600 492 663 saepe
521 600 715 662 repetitis
739 600 861 662 aquis
896 599 1098 646 diluunt:
1126 619 1236 664 quae
1269 620 1359 650 non
1389 622 1416 651 e

135 675 308 721 summo
340 674 504 720 tollitur
519 708 534 730 ‚
567 673 639 720 sed
672 684 719 719 ut
757 673 850 719 vim
893 673 1107 720 maiorem
1148 675 1332 728 habeat,
1372 693 1416 724 et

136 745 399 809 pertinacius
437 744 598 807 frigus,
640 761 695 790 ex
737 744 886 790 abdito
922 742 1144 791 effoditur.
1180 748 1329 809 Itaque
1363 761 1424 793 ne

137 837 272 866 unum
292 819 467 881 quidem
488 818 547 864 est
568 817 786 880 pretium:
807 817 879 864 sed
899 818 1030 864 habet
1048 818 1267 867 institores
1287 838 1417 883 aqua,

137 905 180 939 et
196 908 410 937 annonam
429 926 443 947 ,
467 906 551 952 pro
573 887 736 950 pudor!
757 887 937 934 variam.
974 890 1302 952 Unguentarios
1334 893 1418 937 La-

137 963 411 1012 cedaemonii
441 964 548 1008 urbe
572 963 861 1025 expulerunt,
892 972 935 1007 et
965 978 1157 1023 propere
1188 963 1342 1010 cedere
1362 963 1417 1009 fi-

139 1037 262 1081 nibus
283 1035 363 1082 suis
392 1034 596 1081 iusserunt
614 1070 627 1090 ‚
656 1034 755 1097 quia
776 1034 922 1089 oleum
951 1033 1263 1096 disperderent.
1296 1037 1418 1097 Quid

141 1108 201 1155 illi
231 1107 427 1154 fecissent
442 1142 456 1164 ,
489 1107 520 1152 si
538 1106 740 1153 vidissent
759 1107 1037 1168 reponendae
1058 1106 1169 1153 nivis
1188 1108 1385 1154 officinas
1405 1144 1420 1165 ,

140 1195 184 1228 et
218 1194 285 1227 tot
307 1181 496 1225 iumenta
518 1179 755 1240 portandae
781 1195 918 1241 aquae
945 1178 1260 1235 deservientia‚
1292 1181 1420 1228 cuius

141 1255 338 1309 colorem
363 1252 649 1314 saporemque
673 1253 831 1315 paleis,
854 1253 1012 1315 quibus
1036 1252 1284 1300 custodiunt
1301 1291 1315 1311 ‚
1350 1254 1419 1301 in-

140 1324 358 1389 quinant?
391 1330 447 1370 At
472 1325 532 1370 dii
562 1325 702 1381 boni,
735 1341 864 1386 quam
903 1324 1028 1370 facile
1054 1324 1114 1370 est
1146 1326 1419 1390 exstinguere

139 1398 252 1444 sitim
280 1396 420 1443 sanam
442 1393 451 1440 l
475 1395 556 1442 Sed
578 1396 684 1457 quid
712 1396 864 1442 sentire
883 1395 1059 1457 poffunt
1078 1410 1304 1445 emortuae
1324 1399 1419 1446 fau-

141 1486 236 1525 ces,
267 1480 308 1513 et
336 1466 570 1513 occallatae
597 1466 703 1513 cibis
721 1467 1004 1514 ardentibus?
1024 1469 1418 1527 Quemadmodum

143 1541 252 1586 nihil
279 1540 359 1586 illis
389 1538 483 1585 satis
513 1538 752 1601 frigidum,
780 1538 835 1585 fic
867 1539 974 1584 nihil
1004 1538 1100 1586 satis
1133 1541 1318 1588 calidum
1345 1543 1420 1592 est.

141 1613 226 1658 Sed
265 1612 460 1657 ardentes
495 1610 698 1668 boletos,
746 1624 787 1657 et
823 1610 980 1673 raptim
1016 1612 1304 1660 condimento
1338 1615 1420 1662 suo

143 1684 351 1731 mersatos
365 1718 379 1741 ‚
397 1683 631 1729 demittunt
649 1698 785 1746 paene
804 1681 1036 1741 fumantes,
1056 1700 1167 1746 quos
1187 1686 1343 1733 deinde
1356 1704 1421 1733 re-

142 1760 356 1822 stinguant
372 1756 527 1803 nivatis
547 1756 818 1819 potionibus.
839 1757 1045 1813 Videbis,
1065 1758 1238 1821 inquam
1252 1795 1266 1817 ‚
1285 1761 1422 1825 quos-

143 1834 240 1879 dam
262 1831 440 1894 graciles
453 1866 465 1885 ,
484 1845 526 1876 et
546 1830 727 1892 palliolo
744 1829 965 1895 focalique
983 1832 1301 1889 circumdatos,
1327 1835 1421 1898 pal-

140 1909 278 1954 lentes
311 1919 355 1953 et
391 1921 573 1968 aegros,
611 1921 700 1950 non
736 1904 914 1951 sorbere
953 1904 1094 1951 solum
1133 1906 1312 1966 nivem,
1346 1909 1420 1957 sed

142 1980 272 2027 etiam
290 1979 396 2035 effe,
412 1992 455 2025 et
474 1976 604 2023 frusta
623 1977 715 2023 eius
740 1978 785 2022 in
809 1977 1002 2041 scyphos
1019 1978 1117 2024 suos
1143 1978 1350 2038 deiicere,
1364 1999 1420 2029 ne

144 2051 257 2097 inter
273 2049 406 2110 ipsam
430 2048 606 2096 bibendi
624 2065 798 2095 moram
818 2049 1051 2111 tepescant.
1070 2050 1193 2097 Sitim
1213 2052 1333 2099 istam
1357 2055 1422 2101 es-

144 2123 188 2170 se
207 2120 362 2183 putas?
386 2120 532 2167 Febris
546 2121 631 2168 est:
652 2132 696 2167 et
717 2121 896 2184 quidem
915 2137 971 2168 eo
988 2122 1134 2168 acrior
1148 2154 1164 2177 ‚
1191 2126 1315 2186 quod
1327 2143 1422 2175 non

145 2193 260 2240 tasin
279 2208 486 2237 venarum
499 2227 513 2246 ‚
535 2208 615 2238 nec
633 2190 678 2237 in
697 2205 843 2239 cutem
859 2192 997 2239 effuso
1014 2194 1158 2239 calore
1173 2195 1419 2256 deprehen-

146 2267 275 2312 ditur.
306 2266 387 2311 Sed
408 2281 488 2312 cor
507 2265 645 2327 ipsum
665 2266 878 2329 excoquit
902 2267 1070 2323 luxuria
1090 2267 1304 2316 invistum
1325 2289 1426 2318 ma-

147 2340 235 2384 lum
256 2369 270 2391 ‚
301 2352 342 2383 et
378 2355 432 2384 ex
471 2338 594 2383 molli
631 2337 860 2401 fluidoque
888 2339 1042 2385 durum
1077 2355 1207 2403 atque
1240 2343 1424 2404 patiens.

150 2414 257 2459 Non
282 2411 481 2476 intelligis
500 2443 515 2472 ‚
541 2412 689 2459 omnia
711 2412 1023 2465 consuetudine
1051 2413 1144 2462 vim
1170 2413 1290 2466 suam
1318 2433 1422 2480 Pes:
