1730 2870
55 148 80 183 Ι

205 147 293 195 108
427 150 476 195 L.
528 149 837 195 ANNAEI
887 146 1251 193 SENECAE

196 256 312 315 Quis
342 255 474 303 nescit
495 255 581 302 hoc
621 254 717 317 ipso
746 271 839 302 non
866 255 948 302 effe
979 255 1148 302 bonum
1181 254 1229 300 id
1258 253 1380 317 quod
1406 252 1477 300 fu·

193 338 342 373 turum
361 326 420 373 est
435 362 448 385 ,
466 326 569 390 quia
595 325 791 373 futurum
817 326 907 373 est?
929 343 1027 373 nam
1053 328 1175 390 quod
1201 327 1370 372 bonum
1391 325 1479 384 est,

196 399 348 462 utique
381 398 589 462 prodest:
617 398 694 445 nifi
727 397 965 461 praesentia
984 435 999 456 ,
1029 399 1229 461 prodeffe
1253 415 1344 445 non
1375 398 1478 461 pos·
1547 434 1555 438 -

198 471 313 518 sunt.
330 471 372 517 Si
397 486 488 517 non
517 469 720 532 prodest,
739 469 906 515 bonum
927 485 1019 515 non
1037 469 1097 516 est
1114 469 1265 532 utique
1289 487 1300 515 ε
1321 470 1352 516 si
1372 486 1480 532 prov

196 542 320 598 dest,
350 543 435 589 iam
475 541 552 589 est.
596 545 779 589 Futurus
816 542 909 588 sum
942 541 1110 603 sapiens
1143 560 1153 587 ε
1190 542 1279 588 hoc
1310 543 1480 589 bonum

167 653 170 656 Α
196 614 277 661 erit
294 651 308 673 ‚
339 631 439 662 cum
464 613 595 662 fuero
617 615 825 662 :interim
852 631 942 663 non
967 614 1040 661 est.
1071 613 1193 661 Prius
1215 614 1375 677 aliquid
1395 613 1480 662 effe

196 687 354 745 debet,
388 687 544 734 deinde
572 687 700 751 quale
723 688 822 735 effe.
853 686 1130 747 Quomon
1159 702 1243 732 oro
1269 701 1333 744 te,
1358 686 1481 750 quod

193 760 336 807 adhuc
363 760 469 806 nihil
497 760 584 818 est,
615 761 700 806 iam
729 761 899 808 bonum
929 759 1021 806 est?
1059 760 1308 819 Quomodo
1335 773 1478 806 autem

195 833 276 880 tibi
306 832 443 896 magis
480 834 558 880 vis·
581 833 786 896 probari,
823 850 914 880 non
944 831 1027 879 effe
1059 832 1255 895 aliquid,
1283 848 1414 894 quam
1449 831 1480 878 fi

125 901 127 903 ’
196 905 371 962 dixero,
408 904 606 950 futurum
644 904 744 951 est?
771 905 969 950 nondum
1002 902 1120 951 enim
1153 902 1315 950 venisse
1342 920 1476 966 appa-

195 992 286 1037 ret,
307 966 430 1041 quod
450 978 589 1025 venit.
621 981 713 1025 Ver
736 978 982 1025 secuturum
1010 977 1072 1024 est
1095 995 1105 1024 ε
1134 977 1225 1023 scio
1253 994 1369 1024 nunc
1389 976 1481 1023 hie-

196 1068 313 1098 mem
342 1049 442 1098 effe.
463 1050 594 1097 aestas
622 1051 817 1098 secutura
845 1050 905 1097 est
927 1068 938 1096 ε
965 1050 1061 1097 scio<
1081 1049 1281 1097 aestatem
1304 1066 1395 1096 non
1415 1049 1479 1095 es-

194 1125 249 1171 se.
276 1122 523 1170 Maximum
555 1135 856 1187 argumentum
882 1123 1024 1170 habeo
1057 1123 1257 1169 nondum
1283 1123 1482 1185 praesen-

194 1197 277 1254 tis,
307 1196 503 1244 futurum
530 1197 629 1243 effe.
656 1199 856 1259 Sapiam,
888 1197 1016 1259 spero
1039 1215 1049 1244 :
1073 1196 1146 1246 sed
1178 1196 1353 1243 interim
1389 1213 1482 1242 non

197 1269 333 1330 sapio.
365 1269 395 1315 fi
427 1270 531 1316 illud
566 1271 734 1317 bonum
768 1270 971 1317 haberem
991 1304 1005 1326 ‚
1043 1271 1129 1317 iam
1161 1269 1247 1316 hoc
1286 1287 1481 1317 carerem

179 1342 326 1403 pizulo.
363 1345 573 1389 Futurum
598 1343 658 1389 est
675 1380 686 1401 ,
703 1357 750 1390 ut
774 1341 946 1406 sapiam.
976 1361 1028 1390 ex
1054 1343 1141 1390 hoc
1161 1343 1265 1389 licet
1284 1344 1482 1389 nondum

194 1430 268 1461 me
296 1414 441 1478 sapere
468 1415 696 1478 intelligas.
718 1432 809 1461 non
838 1416 1010 1478 poffum
1029 1415 1153 1462 simul
1177 1431 1219 1462 et
1244 1415 1289 1460 in
1308 1415 1384 1461 illo
1403 1415 1485 1461 bo-

196 1506 284 1544 no,
312 1503 355 1536 et
382 1489 429 1535 in
458 1490 547 1537 hoc
579 1490 695 1535 malo
724 1488 823 1536 effe.
846 1490 956 1537 Duo
983 1490 1059 1536 ista
1079 1506 1169 1536 non
1190 1490 1380 1545 coeunt,
1403 1506 1482 1538 nec

195 1563 312 1627 apud
339 1563 529 1610 eundem
560 1565 656 1610 sunt
681 1580 765 1610 una
784 1595 800 1618 2
834 1563 1003 1611 bonum
1029 1578 1072 1612 et
1106 1564 1283 1610 malum.
1317 1563 1482 1609 Trans-

195 1652 426 1682 curramus
452 1635 745 1682 solertiffimas
770 1652 931 1699 nugas,
958 1650 1002 1683 et
1027 1637 1083 1682 ad
1114 1635 1186 1681 illa
1217 1651 1326 1696 quae
1354 1635 1483 1681 nobis

195 1711 385 1773 aliquam
408 1727 542 1774 opem
571 1709 670 1757 sunt
700 1709 861 1766 latura,
889 1725 1193 1773 properemus.
1235 1709 1385 1755 Nemo
1409 1709 1485 1770 qui

195 1784 477 1832 obstetricem
500 1784 757 1848 parturienti
784 1783 895 1832 filiae
926 1783 1120 1831 solicitus
1146 1783 1342 1840 arcessit,
1369 1783 1494 1829 edio*

178 1873 288 1905 *tum
321 1870 364 1906 et
389 1858 597 1906 ludorum
629 1858 831 1905 ordinem
854 1859 1049 1921 perlegit.
1076 1874 1208 1904 nemo
1239 1856 1315 1919 qui
1341 1856 1393 1902 ad
1419 1856 1487 1901 in-

198 1931 407 1978 cendium
427 1932 588 1979 domus
612 1931 711 1978 suae
733 1931 894 1988 currit,
919 1931 1111 1977 tabulam
1130 1928 1485 1993 latrunculariam

198 2005 429 2069 perspicit,
450 2018 497 2053 ut
521 2005 622 2054 sciat
643 2005 880 2069 quomodo
906 2004 1108 2068 alligatus
1132 2019 1256 2050 exeat
1284 2001 1489 2049 calculus.

200 2088 259 2126 At
279 2079 550 2127 mehercules
569 2078 720 2126 omnia
754 2077 833 2124 tibi
849 2077 1043 2139 undique
1064 2075 1338 2130 nuntiantur,
1355 2086 1397 2119 et
1415 2073 1485 2119 in-

199 2155 405 2201 cendium
418 2155 577 2201 domus
592 2190 605 2211 ,
618 2166 660 2201 et
676 2152 919 2216 periculum
937 2151 1175 2196 liberorum
1191 2162 1255 2207 ,et
1267 2148 1486 2195 obsidium

200 2229 387 2292 patriae,
401 2243 444 2276 et
462 2229 685 2276 bonorum
703 2226 917 2289 direptio:
940 2225 1079 2271 adiice
1100 2223 1187 2270 istis
1200 2222 1487 2285 naufragium,

203 2301 434 2365 motusque
466 2315 705 2357 terrarum,
733 2313 775 2347 et
804 2298 1017 2363 quidquid
1043 2297 1160 2344 aliud
1176 2295 1318 2342 timeri
1335 2292 1487 2357 potest,

208 2380 323 2422 Inter
341 2374 416 2422 ista
445 2374 661 2422 distridtus
674 2410 688 2432 ‚
708 2374 863 2430 rebus,
882 2371 989 2418 nihil
1010 2371 1125 2417 aliud
1145 2386 1275 2432 quam
1293 2366 1487 2414 animum

196 2448 522 2498 'elzzleastantibus
536 2483 551 2506 ‚
573 2448 739 2499 vacas?
773 2446 896 2508 Quid
920 2445 1032 2494 inter
1052 2442 1300 2508 sapientiam
1311 2476 1329 2504 2
1363 2453 1406 2488 et
1430 2439 1488 2486 sa-
