1730 2870
275 174 367 229 172
529 166 578 214 L.
626 163 917 211 ANNAEI
965 163 1317 211 SENECAE

275 277 379 320 tur?
404 270 539 319 Dices
563 270 737 318 fortaffe
754 307 766 328 ‚
789 271 902 317 unde
926 269 974 318 fit
995 270 1064 318 ille
1089 271 1213 319 color
1233 269 1407 317 varius:
1427 268 1542 318 unde

279 346 373 392 talis
393 345 533 408 figura
547 345 594 390 sit
611 380 626 403 ,
653 361 743 392 non
764 345 881 391 dices
895 379 909 400 ,
934 345 1012 390 nisi
1032 345 1209 408 aliquod
1226 344 1474 407 exemplar,
1489 344 1545 391 ad

279 418 402 482 quod
436 418 654 464 formetur
674 453 686 477 ,
715 417 963 465 ostenderis.
1007 419 1186 465 Nullum
1217 431 1361 465 autem
1393 418 1544 473 aliud,

275 507 408 554 quam
435 488 535 537 solis
558 489 642 549 est,
665 509 688 537 a
714 507 806 554 quo
827 490 996 538 fatearis
1023 491 1086 537 illi
1111 492 1309 539 colorem
1331 491 1436 538 dari.
1476 490 1545 539 se-

274 562 423 625 quitur
452 574 499 608 ut
526 563 651 610 detur
677 574 718 610 et
747 562 905 611 forma.
934 562 1141 626 Denique
1171 563 1285 610 inter
1316 581 1386 610 me
1420 575 1463 611 et
1502 576 1545 610 te

276 634 512 692 convenit,
528 635 701 682 colores
714 634 810 681 illos
830 634 990 697 quibus
1007 634 1127 698 regio
1146 634 1260 689 coeli
1274 635 1548 699 depingitur,

278 721 303 751 a
333 704 423 752 sole
449 706 546 754 effe.
571 707 679 753 Illud
698 724 831 753 unum
859 707 970 752 inter
997 722 1077 752 nos
1107 723 1197 754 non
1227 709 1435 754 convenit
1459 726 1469 754 ε
1499 722 1549 754 tu

276 776 387 824 dicis
404 778 524 824 illum
544 780 739 825 colorem
758 778 861 837 effe,
876 795 960 842 ego
976 778 1129 826 videri.
1150 779 1242 839 Qui
1256 779 1343 827 sive
1363 780 1445 838 est,
1460 779 1549 828 five

276 849 475 908 videtur,
496 867 518 896 a
535 850 642 908 sole,
655 864 702 897 tu
723 867 812 897 non
827 851 1054 913 expedies,
1068 868 1200 913 quare
1215 851 1354 898 subito
1372 853 1550 911 definat,

278 938 382 970 cum
406 940 561 970 omnes
585 923 776 987 fulgores
804 924 1008 986 paulatim
1034 924 1328 972 ,d1scutiantun
1360 926 1446 972 Pro
1479 942 1552 974 me

279 993 341 1041 est
359 1007 404 1042 et
430 995 656 1058 repentina
684 995 777 1042 eius
807 995 963 1053 facies,
992 996 1308 1059 &repentinus
1341 997 1552 1045 interitus.

278 1067 512 1128 Proprium
533 1069 649 1115 enim
675 1068 736 1115 est
762 1070 917 1132 speculi
937 1070 1050 1124 hoc,
1079 1070 1201 1132 quod
1222 1087 1311 1116 non
1344 1087 1422 1132 per
1453 1087 1553 1133 par-

278 1151 344 1187 tes
363 1140 538 1188 struitur
551 1177 564 1199 ‚
596 1143 717 1204 quod
734 1155 909 1205 apparet
929 1179 941 1198 ,
960 1143 1033 1189 sed
1052 1142 1191 1189 statim
1214 1156 1357 1190 totum
1381 1142 1443 1189 fit.
1462 1146 1550 1190 Ae-

280 1230 369 1277 que
392 1215 482 1262 cito
513 1216 657 1262 omnis
673 1216 821 1280 imago
847 1217 890 1264 in
915 1217 991 1264 illo
1010 1218 1233 1276 aboletur,
1259 1235 1389 1280 quam
1421 1234 1552 1264 com-

280 1288 474 1351 ponitur.
503 1289 624 1335 Nihil
657 1290 772 1336 enim
803 1290 917 1336 aliud
941 1291 995 1336 ad
1027 1289 1103 1336 ista
1130 1290 1354 1336 efficienda
1383 1290 1452 1335 vel
1479 1307 1553 1336 re·-

281 1361 507 1407 movenda
530 1377 642 1423 opus
670 1360 756 1417 est,
776 1378 905 1424 quam
927 1360 1096 1406 ostendi
1115 1373 1157 1406 et
1174 1361 1343 1408 abduci.
1369 1362 1474 1407 Non
1494 1361 1555 1408 est

280 1431 464 1494 propria
498 1433 544 1479 in
581 1433 655 1479 ista
686 1433 802 1479 nube
845 1432 1101 1490 substantia,
1131 1431 1218 1479 nec*
1251 1449 1446 1494 corpus3
1482 1434 1556 1482 sed

278 1505 580 1564 mendacium,
615 1523 658 1554 et
677 1506 765 1553 fine
788 1523 834 1553 re
863 1505 1115 1551 similitudo.
1147 1506 1226 1552 Vis
1252 1505 1357 1552 scire
1384 1506 1470 1555 hoc
1497 1506 1557 1554 ita

282 1577 401 1625 effe?
439 1579 619 1628 Desinet
645 1596 768 1628 arcus
786 1614 800 1636 ‚
827 1579 857 1624 fi
889 1577 1107 1626 obtexeris
1136 1579 1283 1626 solem.
1323 1581 1517 1642 Oppone
1537 1614 1555 1639 ‚

279 1648 490 1714 inquam,
523 1652 601 1699 soli
625 1653 803 1699 alteram
833 1651 1024 1697 nubem:
1058 1649 1186 1697 huius
1218 1649 1402 1698 varietas
1435 1653 1560 1713 peri-

281 1723 360 1772 bit.
386 1727 446 1773 At
474 1725 617 1773 maior
643 1725 704 1773 est
734 1724 954 1788 aliquanto
981 1739 1130 1779 arcus,
1165 1739 1296 1785 quam
1325 1723 1402 1769 sol.
1444 1725 1556 1774 Dixi

285 1799 426 1846 modo
444 1834 461 1857 ‚
488 1797 582 1846 fieri
612 1799 777 1861 specula
795 1829 809 1853 ‚
843 1814 953 1859 quae
980 1796 1263 1859 multiplicent
1290 1813 1422 1844 omne
1453 1816 1558 1845 cor—

286 1887 370 1933 pus
389 1871 510 1935 quod
523 1870 761 1918 imitantur.
786 1870 894 1916 Illud
910 1866 1126 1923 adiiciam,
1145 1868 1292 1914 omnia
1309 1885 1386 1929 per
1403 1885 1560 1931 aquam

281 1942 534 1990 videntibus
556 1938 689 2005 longe
714 1940 799 1988 effe
827 1941 1007 2004 maiora.
1058 1940 1226 1987 Literae
1249 1941 1446 2003 quamvis
1475 1941 1562 1987 mi-

288 2029 418 2061 nutae
444 2027 487 2062 et
513 2015 748 2071 obscurae,
775 2030 852 2076 per
877 2013 1062 2062 vitream
1094 2013 1224 2076 pilam
1253 2031 1363 2077 aqua
1387 2016 1558 2077 plenam

288 2087 477 2134 maiores
512 2086 799 2150 clarioresque
826 2097 1076 2134 cernuntur.
1123 2087 1258 2133 Poma
1293 2086 1558 2136 formofiora

289 2174 420 2221 quam
452 2157 532 2205 fint
556 2158 792 2214 videntur,
827 2156 856 2203 fi
883 2157 1079 2203 innatant
1105 2157 1242 2204 vitro.
1280 2158 1428 2205 Sidera
1463 2175 1558 2204 am-

290 2228 432 2291 pliora
466 2246 544 2292 per
575 2229 737 2276 nubem
769 2227 1018 2290 adspicienti
1042 2228 1248 2276 videntur
1278 2247 1289 2276 ε
1316 2230 1417 2292 quia
1447 2230 1560 2278 acies

291 2302 436 2349 nostra
459 2302 504 2347 in
529 2301 712 2348 humido
739 2301 916 2356 labitur,
946 2317 1028 2348 nec
1054 2301 1402 2364 apprehendere,
1433 2302 1557 2365 quod

293 2376 416 2434 vult,
439 2374 623 2423 fideliter
649 2375 800 2438 potest.
835 2375 974 2436 Quod
999 2374 1266 2424 manifestum
1295 2374 1367 2420 fiet
1383 2410 1396 2431 ,
1420 2374 1450 2419 fi
1475 2390 1560 2436 po—

293 2449 439 2500 culum
469 2448 723 2515 impleveris
755 2466 865 2515 aqua
883 2484 897 2510 ,
926 2462 969 2497 et
998 2449 1044 2496 in
1074 2447 1120 2496 id
1148 2447 1386 2498 conieceris
1416 2464 1559 2495 annu-
