1730 2870
281 160 344 204 94
522 143 568 187 L.
624 141 922 196 ANNAEI
978 142 1336 187 SENECAE

277 249 458 296 stantem
475 284 487 302 ‚
506 248 721 312 supraque
745 247 993 294 mensuram
1013 249 1239 295 solitorum
1258 249 1370 296 inter
1389 266 1471 296 nos
1490 252 1567 297 ad-

276 323 413 386 spici,
449 323 603 369 elatam
623 358 635 378 ,
659 321 798 367 oculis
826 322 922 367 miti
948 321 1124 383 quidem
1141 357 1154 378 ‚
1181 323 1252 368 sed
1280 324 1568 371 nihilominus

277 396 439 443 vivido
466 395 557 458 igni
587 394 896 456 flagrantibus,
923 407 1028 440 tunc
1059 395 1238 441 demum
1266 396 1385 442 illam
1422 396 1570 460 Virgi-

277 470 325 516 lii
356 468 493 515 nostri
521 484 684 517 vocem
717 482 877 516 verens
899 481 1030 530 atque
1058 467 1269 514 attonitus
1297 469 1498 517 emittat:

347 605 390 649 Ο
432 621 558 664 quam
595 617 631 647 te
671 619 882 648 memorem
917 603 1032 663 virgo
1050 602 1074 648 ἓ
1121 620 1299 663 namque
1342 604 1458 649 lzaud
1492 606 1567 649 tibi

479 686 620 730 vulcus
1198 683 1203 687 '

346 768 543 813 Mortalis
561 801 575 823 ‚
607 783 678 810 nec
708 782 797 810 vox
828 765 1032 809 hominem
1043 765 1191 825 fimat.

314 870 318 872 ·
347 851 382 893 S
388 849 428 893 is
447 846 594 905 felix,
618 845 876 910 nostrumque
901 847 1003 891 leves
1028 864 1288 907 quaecunque
1312 850 1503 896 laborem.

280 983 461 1042 Aderit,
496 982 773 1046 levabitque,
809 982 838 1028 fi
869 982 1015 1031 colere
1038 1001 1135 1030 eam
1158 983 1445 1032 voluerimus.
1473 986 1569 1033 Co-

282 1057 384 1102 litur
419 1068 563 1102 autem
591 1071 683 1101 non
711 1069 939 1101 taurorum
974 1055 1136 1118 opimis
1165 1057 1429 1118 corporibus
1457 1075 1569 1104 con-

282 1129 506 1177 trucidatis
520 1164 533 1186 ,
562 1145 641 1175 nec
656 1144 765 1174 auro
790 1143 1062 1192 argentoque
1080 1129 1298 1191 suspenso,
1316 1147 1397 1178 nec
1415 1131 1459 1176 in
1478 1133 1572 1178 the-

280 1203 429 1249 sauros
456 1202 562 1264 stipe
588 1201 754 1259 infusa,
781 1201 852 1247 sed
882 1202 951 1264 pia
977 1213 1019 1248 et
1050 1202 1166 1248 resta
1200 1202 1446 1250 voluntate.
1477 1206 1569 1250 Ne-

282 1293 359 1323 mo
379 1311 393 1333 ‚
420 1276 624 1338 inquam,
658 1292 749 1321 non
779 1293 932 1322 amore
961 1276 1054 1323 eius
1081 1277 1276 1332 arderet,
1311 1276 1342 1321 fi
1375 1277 1503 1323 nobis
1521 1278 1571 1323 il-

278 1352 364 1404 lam
387 1352 540 1399 videre
565 1351 855 1414 contingeret.
884 1353 1014 1397 Nunc
1041 1352 1157 1396 enim
1185 1350 1323 1395 multa
1349 1349 1573 1413 obstrigil-

280 1424 399 1480 lant‚
438 1439 480 1471 et
520 1425 659 1471 aciem
703 1423 894 1470 nostram
939 1437 1015 1470 aut
1052 1424 1281 1486 splendore
1324 1423 1465 1469 nimio
1500 1439 1570 1469 re-

282 1497 565 1560 percutiunt,
592 1511 666 1544 aut
693 1498 887 1545 obscuro
924 1499 1128 1544 retinent.
1157 1499 1240 1543 Sed
1275 1498 1571 1560 quemadmo-

281 1573 386 1618 dum
423 1571 536 1618 visus
567 1571 802 1618 oculorum
829 1571 1090 1634 quibusdam
1124 1570 1454 1617 medicamentis
1474 1570 1573 1617 acui

281 1644 390 1691 solet
408 1678 422 1699 ‚
451 1658 494 1691 et
525 1644 747 1707 repurgari
773 1661 785 1690 ε
813 1644 871 1691 fic
901 1660 944 1691 et
970 1661 1049 1691 nos
1067 1680 1080 1699 ‚
1115 1645 1144 1690 fi
1173 1645 1310 1691 aciem
1342 1644 1475 1691 animi
1512 1645 1570 1691 li—

279 1718 434 1764 berare
459 1717 786 1779 impedimentis
805 1718 1105 1773 voluerimus,
1138 1719 1382 1779 poterimus
1404 1717 1571 1780 perspi-

281 1808 383 1837 cere
412 1791 644 1845 virtutem,
673 1792 801 1837 etiam
832 1790 1036 1837 obrutam
1059 1808 1280 1854 corpore,
1312 1788 1441 1836 etiam
1464 1808 1569 1853 pau-

280 1867 449 1926 perta‘te
478 1863 681 1926 opposita
703 1899 717 1920 ,
741 1876 783 1910 et
812 1864 1059 1910 humilitate
1084 1876 1126 1910 et
1152 1862 1331 1910 infamia
1363 1864 1572 1910 obiacen-

279 1938 407 1985 tibus.
448 1939 722 1993 Cernemus‚
764 1937 974 1999 inquam,
1012 1937 1380 1998 pulchritudinem
1418 1938 1533 1983 illam
1554 1971 1571 1994 ,

281 2012 484 2076 quamvis
514 2012 693 2057 sordido
717 2011 952 2058 obtectam.
983 2012 1143 2057 Rursus
1172 2028 1308 2072 aeque
1334 2010 1571 2068 malitiam,

282 2097 326 2130 et
357 2083 603 2131 aerumnosi
630 2083 763 2129 animi
790 2096 1020 2131 veternum
1050 2083 1388 2146 perspiciemus:
1411 2101 1571 2146 quam-

283 2159 352 2206 vis
388 2159 553 2206 multus
603 2158 719 2205 circa
758 2158 1009 2204 divitiarum
1064 2157 1326 2205 radiantium
1363 2157 1572 2217 splendor

286 2232 528 2294 impediat,
557 2243 600 2278 et
627 2230 872 2277 intuentem
892 2231 995 2276 hinc
1026 2230 1248 2276 bonorum
1265 2264 1278 2284 ‚
1309 2227 1428 2274 illinc
1448 2244 1571 2290 mag-

283 2321 438 2351 narum
471 2305 735 2367 potestatum
771 2304 871 2351 falsa
903 2304 975 2351 lux
1004 2303 1219 2350 verberet.
1248 2303 1379 2348 Tunc
1408 2299 1570 2346 intelli-

282 2394 385 2441 gere
419 2379 548 2425 nobis
579 2378 756 2434 licebit,
793 2395 926 2442 quam
959 2377 1289 2424 contemnenda
1322 2374 1569 2429 miremur,

280 2451 489 2501 simillimi
518 2454 692 2516 pueris,
732 2453 892 2517 quibus
925 2468 1061 2501 omne
1087 2450 1308 2500 ludicrum
1339 2449 1390 2501 in
1425 2447 1570 2512 pretio
