1730 2870
512 152 1082 199 EPtSTOLAE.
1367 166 1429 213 79

168 257 304 304 sinunt
327 258 523 304 animalia
550 257 633 304 esse
652 257 856 312 subinde,
881 273 930 303 ac
956 254 1098 302 rursus
1116 254 1354 318 incipiunt,
1376 273 1430 302 an

167 330 335 393 semper
361 330 489 377 sunt?
531 330 738 375 Desinere
766 329 946 375 virtutes
976 344 1064 373 non
1088 328 1294 390 possunt:
1323 345 1430 391 ergo

166 404 300 448 multa
326 402 551 459 animalia,
580 402 720 448 im'mo
750 401 1079 448 innumerabilia
1098 403 1140 448 in
1172 401 1258 448 hoc
1281 402 1431 447 animo

168 474 400 521 versantur.
443 476 547 520 Non
573 474 669 521 sunt
686 510 698 531 ,
729 474 869 536 inquit
888 508 900 528 ‚
935 473 1067 520 multa
1090 491 1101 519 :
1135 474 1234 535 quia
1258 490 1311 520 ex
1337 491 1431 520 uno

166 545 340 607 religata
370 547 491 602 sunt,
512 558 554 592 et
581 560 722 608 partes
747 546 874 591 unius
903 561 953 591 ac
980 547 1174 592 membra
1206 545 1312 593 sunt.
1345 548 1433 592 Ta-

165 619 251 666 lem
285 636 391 682 ergo
428 619 579 667 faciem
617 619 749 665 animi
782 618 908 665 nobis
944 620 1265 682 proponimus,
1295 619 1433 683 qualis

166 691 226 739 est
253 694 435 756 Hydrae
452 728 465 749 ,
493 693 625 739 multa
654 691 846 739 habentis
869 692 1009 753 capita
1025 727 1037 748 ‚
1057 707 1250 754 quorum
1274 710 1434 738 unum-

167 765 376 826 quodque
404 782 481 827 per
508 764 549 810 se
570 777 763 827 pugnet,
795 779 872 826 per
898 763 939 809 se
968 775 1139 810 noceat.
1175 764 1306 826 Atqui
1337 765 1434 810 nul-

168 836 257 881 lum
290 853 343 883 ex
367 837 446 883 illis
477 837 687 899 capitibus
714 834 872 881 animal
905 833 994 891 est,
1027 834 1099 880 sed
1131 835 1326 882 animalis
1360 851 1435 884 ca*

169 921 276 970 put:
302 922 494 956 ceterum
520 910 607 971 ipsa
631 925 763 954 unum
788 906 945 953 animal
975 906 1048 952 est.
1073 910 1219 953 Nemo
1246 908 1291 954 in
1324 909 1432 956 Chi-

168 998 310 1028 maera
333 983 504 1029 leonem
523 981 605 1028 effe
626 981 780 1026 animal
804 980 942 1035 dixit,
965 994 1038 1025 aut
1064 980 1300 1028 draconem
1323 999 1333 1027 :
1355 983 1434 1029 hae

169 1067 306 1115 partes
336 1070 457 1101 erant
485 1055 575 1101 eius
606 1071 616 1100 ε
646 1069 789 1115 partes
818 1069 908 1098 non
939 1051 1033 1098 sunt
1059 1053 1270 1100 animalia.
1313 1055 1435 1114 Quid

168 1128 255 1183 est,
280 1144 370 1189 quo
391 1129 567 1190 colligas
583 1128 784 1174 iustitiam
803 1126 959 1172 animal
983 1126 1099 1172 effe?
1128 1127 1239 1189 agit,
1270 1128 1436 1191 inquit,

168 1199 360 1261 aliquid,
393 1212 435 1245 et
468 1199 645 1262 prodest
679 1216 689 1244 :
719 1197 840 1260 quod
872 1208 1015 1242 autem
1056 1197 1141 1260 agit
1176 1198 1365 1262 aliquid,
1393 1216 1438 1249 et

167 1273 345 1333 prodest
361 1311 373 1329 ‚
395 1273 604 1335 impetum
627 1272 785 1318 habet:
811 1270 934 1331 quod
964 1282 1105 1316 autem
1134 1270 1344 1333 impetum
1369 1275 1436 1320 ha·

168 1347 265 1404 bet,
291 1347 446 1392 animal
480 1345 555 1392 est.
602 1348 766 1391 Verum
792 1343 873 1397 est,
903 1342 933 1388 fi
959 1343 1081 1389 suum
1112 1345 1329 1408 impetum
1359 1349 1437 1395 ha·

168 1421 238 1466 bet
267 1438 278 1467 z
321 1421 440 1466 suum
476 1432 620 1465 autem
662 1435 751 1463 non
780 1416 936 1470 habet,
978 1417 1050 1462 sed
1093 1417 1238 1465 animi.
1286 1421 1437 1468 Omne

167 1491 323 1537 animal
349 1491 493 1537 donec
517 1490 748 1546 moriatur,
784 1488 827 1533 id
854 1487 913 1533 est
946 1489 1070 1551 quod
1099 1491 1246 1552 coepit
1267 1492 1438 1540 :homo

167 1564 311 1610 donec
335 1564 571 1620 moriatur,
605 1563 744 1608 horno
770 1561 829 1607 est
860 1579 869 1607 ε
897 1577 1032 1623 equus
1058 1561 1160 1607 item
1183 1598 1194 1616 ‚
1223 1577 1266 1610 et
1290 1566 1437 1613 canis:

166 1634 341 1682 transire
367 1635 483 1682 enim
514 1637 558 1681 in
585 1635 700 1680 aliud
730 1650 821 1680 non
852 1633 1041 1695 poffunt.
1069 1633 1257 1693 lustitia,
1279 1636 1324 1683 id
1348 1639 1437 1699 est,

166 1708 333 1753 animus
361 1708 694 1770 quodammodo
722 1706 763 1753 se
788 1707 977 1761 habens,
1003 1706 1161 1753 animal
1180 1708 1253 1756 est.
1277 1710 1438 1759 Creda-

166 1798 275 1828 mus.
316 1781 491 1828 Deinde
521 1780 680 1827 animal
704 1780 765 1827 est
800 1779 1045 1838 fortitudo,
1075 1780 1120 1827 id
1149 1781 1236 1840 est,
1269 1783 1437 1832 animus

165 1853 502 1915 quodammodo
528 1854 570 1900 se
593 1854 766 1900 habens.
797 1853 910 1913 Quis
930 1852 1097 1899 animus
1117 1853 1134 1900 ?
1154 1854 1226 1901 Ille
1245 1856 1321 1917 qui
1341 1874 1439 1903 mo·

165 1926 225 1972 do
259 1925 416 1972 iustitia
447 1927 569 1973 erat?
595 1940 764 1973 tenetur
783 1926 827 1972 in
852 1925 1001 1987 priore
1032 1926 1204 1973 animali
1225 1929 1301 1974 :in
1321 1930 1437 1976 aliud

164 1999 322 2045 animal
353 2000 393 2046 ei
422 2000 600 2046 transire
630 2017 718 2045 non
746 1999 859 2045 licet.
885 2001 933 2044 In
954 2015 1010 2045 eo
1035 1998 1096 2044 illi
1115 2035 1128 2056 ,
1151 1999 1195 2045 in
1225 2017 1316 2063 quo
1345 2003 1435 2064 pri-

165 2089 286 2117 mum
310 2073 395 2119 effe
421 2073 583 2135 coepit,
603 2073 970 2135 perseverandum
989 2071 1062 2119 est.
1081 2074 1305 2121 Praeterea
1326 2092 1436 2122 unus

166 2146 333 2192 animus
360 2147 546 2193 duorum
580 2147 828 2193 animalium
859 2146 943 2193 effe
972 2163 1062 2193 non
1090 2148 1260 2210 potest,
1292 2151 1435 2196 multo

165 2218 307 2265 minus
334 2219 534 2280 plurium.
564 2222 607 2266 Si
634 2219 789 2267 iustitia
805 2256 819 2277 ,
843 2219 1088 2277 fortitudo,
1118 2223 1402 2284 temperantia
1421 2258 1435 2281 ,

164 2302 421 2354 ceteraeque
450 2294 633 2340 virtutes
661 2293 856 2339 animalia
887 2293 1012 2339 sunt:
1037 2295 1270 2355 quomodo
1300 2313 1435 2342 unum

165 2363 359 2409 animum
392 2364 641 2411 habebunt?
692 2364 891 2428 Singulos
914 2364 1099 2412 habeant
1130 2379 1337 2429 oportet,
1364 2380 1436 2415 aut

167 2451 258 2483 non
281 2437 380 2485 sunt
413 2437 624 2496 animalia.
661 2440 768 2486 Non
803 2439 947 2501 potest
975 2455 1110 2487 unum
1138 2457 1299 2504 corpu-s
1332 2442 1435 2506 plu·-
