1730 2870
257 167 320 227 64
495 168 894 219 L.ANNAE1
947 166 1315 217 SENECAE

255 269 647 338 philosophorum,
679 274 1027 337 leffionemque,
1055 276 1108 321 ad
1135 276 1409 339 propositum
1438 278 1536 324 beai<²

254 363 333 398 ‘tae‘
348 351 465 397 vitae
493 350 749 397 trahendam
772 367 782 392 :
805 367 895 396 non
934 365 982 396 ut
1011 352 1146 398 verba
1174 352 1314 414 prisca
1341 368 1414 399 aut
1440 353 1536 399 sista

254 432 510 485 captemus,
533 433 576 469 et
611 421 911 468 translationes
937 422 1162 485 improbas
1191 421 1434 487 figurasque
1466 424 1535 470 di-

253 495 412 551 cendi,
432 495 502 540 sed
520 507 566 539 ut
590 492 821 555 profutura
842 509 1071 557 praecepta
1085 530 1099 552 ,
1118 505 1162 541 et
1181 495 1434 559 magnificas
1455 514 1536 543 vo·

253 584 327 615 ces
346 600 359 623 ,
390 580 432 614 et
465 566 679 614 animosas
695 603 707 624 ‚
738 583 850 630 quae
882 583 992 612 mox
1014 567 1061 613 in
1087 584 1183 614 rem
1209 568 1536 615 transferantur.

253 641 325 688 Sic
350 641 426 687 ista
457 640 669 687 discamus
694 658 704 686 :
731 655 777 685 ut
802 657 914 703 quae
940 639 1118 686 fuerunt
1139 641 1295 698 verba,
1316 640 1396 687 fint
1424 658 1537 703 ope-

253 732 314 762 ra.
345 715 502 761 Nullos
531 727 675 761 autem
698 713 817 777 peius
849 713 1007 759 mereri
1028 713 1082 759 de
1108 714 1317 761 omnibus
1338 715 1536 761 mortali-

253 790 334 835 bus
364 788 540 845 iudico,
572 804 703 851 quam
737 786 814 849 qni
845 786 1167 850 philosophiam
1203 787 1325 834 velut
1353 788 1535 850 aliquod

253 861 489 909 artificium
510 862 666 908 venale
684 862 953 908 didicerunt:
972 861 1046 924 qui
1063 861 1186 908 aliter
1200 861 1380 917 vivunt,
1403 875 1535 925 quam

251 935 496 982 vivendum
514 935 599 981 esse
619 934 906 998 praecipiunt.
929 935 1142 997 Exempla
1163 936 1280 982 enim
1303 935 1461 999 seipsos
1477 937 1536 982 in-

254 1007 371 1054 utilis
394 1007 642 1069 disciplinae
666 1006 1013 1064 circumferunt,
1036 1008 1142 1053 nulli
1164 1025 1257 1054 non
1278 1008 1393 1056 vitio
1413 1009 1536 1072 quod

250 1081 561 1144 insequuntur,
589 1082 791 1128 obnoxii.
818 1082 922 1127 Non
945 1081 1082 1144 magis
1110 1081 1217 1128 mihi
1249 1082 1390 1145 potest
1418 1076 1536 1146 quis·

252 1170 382 1217 quam
403 1154 601 1216 prodesse
626 1167 910 1217 praeceptor,
931 1172 1061 1217 quam
1079 1156 1344 1218 gubernator
1360 1156 1406 1202 in
1423 1169 1534 1202 tem*

250 1225 413 1288 pestate
442 1227 781 1274 nauseabundus.
811 1226 1077 1274 Tenendum
1098 1227 1184 1285 est,
1202 1229 1396 1291 rapiente
1419 1229 1532 1276 fluc-

250 1314 301 1346 tu
319 1335 332 1357 ‚
357 1301 728 1363 gubernaculum,
751 1302 1001 1348 Infitandum
1033 1320 1132 1349 cum
1157 1302 1254 1366 ipso
1284 1303 1421 1361 mari,
1450 1304 1535 1350 eri-

249 1375 411 1436 pienda
438 1375 533 1422 sunt
567 1391 702 1423 vento
738 1376 866 1423 vela:
901 1377 1008 1439 quid
1043 1393 1114 1423 me
1149 1376 1291 1440 potest
1323 1378 1534 1424 adiuvare

247 1450 393 1494 ressor
422 1450 586 1513 navigii
613 1450 821 1497 attonitus
851 1465 894 1497 et
918 1451 1175 1497 vomitans?
1216 1453 1400 1511 Quanto
1435 1468 1532 1496 ma-

248 1522 345 1568 iore
378 1539 501 1569 nutas
526 1522 662 1568 vitam
687 1523 938 1585 tempestate
965 1524 1131 1581 mitari,
1157 1541 1287 1588 quam
1311 1525 1441 1570 ullam
1461 1541 1532 1570 ra-

247 1593 370 1639 tem?
403 1610 494 1639 non
517 1592 577 1640 est
606 1593 910 1656 loquendum,
939 1594 1011 1640 sed
1042 1596 1387 1657 gubernandum.
1417 1599 1532 1641 Om-

248 1667 321 1712 nia
349 1683 459 1729 quae
487 1666 661 1721 dicunt,
693 1682 802 1727 quae
833 1668 959 1719 turba
989 1667 1191 1713 audiente
1219 1667 1402 1727 iaetant,
1429 1668 1532 1714 alie-³

249 1758 305 1787 na
331 1740 441 1786 sunt.
470 1738 582 1785 dixit
607 1738 677 1784 illa
700 1739 844 1796 Plato,
872 1739 982 1786 dixit
1002 1745 1156 1794 Zeno,
1178 1740 1286 1787 dixit
1315 1740 1531 1804 Chrysip-

248 1831 360 1878 pus,
391 1828 435 1859 et
460 1812 716 1858 Posidonius
735 1847 748 1869 ,
773 1824 815 1858 et
841 1813 994 1876 ingens
1021 1829 1175 1876 agmen
1195 1825 1264 1859 tot
1285 1829 1334 1859 ac
1364 1813 1532 1860 talium.

248 1887 500 1949 Quomodo
528 1886 715 1948 probare
741 1885 901 1948 pos-lint
926 1887 995 1934 sua
1022 1887 1134 1943 effe,
1155 1884 1410 1932 monstrabo
1433 1904 1443 1932 :
1465 1885 1530 1932 fa-

248 1964 368 2010 ciant
395 1977 504 2024 quae
530 1959 733 2006 dixerint.
769 1959 994 2020 Quoniam
1025 1977 1136 2024 quae
1164 1959 1391 2007 volueram
1418 1960 1472 2005 ad
1490 1971 1532 2005 te

249 2034 467 2099 perferri,
491 2033 575 2078 iam
606 2032 697 2078 dixi
714 2068 726 2087 ‚
754 2049 872 2080 nunc
896 2033 1110 2079 detiderio
1140 2044 1218 2078 tuo
1245 2029 1497 2078 satisfaciam
1514 2067 1530 2089 ,

249 2120 294 2154 et
312 2107 356 2154 in
375 2106 548 2153 aiteram
564 2104 789 2167 epistolam
808 2106 1026 2169 integrum
1044 2105 1166 2169 quod
1181 2121 1382 2168 exegeras
1401 2117 1531 2150 trans·

251 2181 419 2228 feram:
443 2197 495 2226 ne
524 2179 578 2225 ad
604 2196 696 2226 rem
731 2178 946 2241 spinosam
966 2215 979 2236 ‚
1010 2190 1053 2225 et
1075 2177 1249 2225 auribus
1277 2177 1427 2226 erestis
1449 2193 1528 2223 cue

252 2254 464 2319 riofisque
492 2252 749 2302 audiendam
766 2287 781 2311 ‚
806 2251 931 2300 laffus
957 2251 1153 2300 accedas.
