1730 2870
282 184 366 215 η),
533 171 580 216 L.
633 170 930 215 ANNAEI
977 170 1333 217 SENECAE

273 275 535 339 benignum,
572 276 773 323 adversus
793 277 997 324 inimicos
1019 290 1309 340 temperatum
1328 312 1342 333 ,
1379 286 1421 321 et
1441 276 1554 338 pub-

274 348 354 395 lica
385 362 427 395 et
460 349 630 412 privata
666 349 806 396 sanae
840 366 890 396 ac
917 349 1117 413 religiose
1150 349 1551 396 administrantem:

275 438 367 467 non
400 422 542 469 deess'e
571 423 640 480 ei,
669 434 712 468 et
739 422 783 468 in
811 423 876 469 his
906 440 1016 486 quae
1047 423 1273 480 toleranda
1297 434 1441 479 erant,
1477 439 1554 484 pa-

272 494 468 540 tientiam
485 530 498 552 ,
527 507 570 542 et
596 495 639 540 in
660 495 725 542 his
753 512 862 558 quae
894 497 1087 560 agenda,
1119 496 1406 558 prudentiam.
1427 495 1554 541 Vidi-

270 580 367 610 mus
386 564 461 610 ubi
486 565 761 612 tribuendum
798 567 926 625 effet,
952 567 1077 629 plena
1106 582 1236 612 manu
1257 567 1428 614 dantem
1449 567 1552 614 :ubi

271 636 586 693 laborandum,
618 640 884 701 pertinacem
913 652 954 686 et
982 639 1246 697 obnoxium,
1279 651 1320 685 et
1350 639 1549 685 laffitudi-

270 725 370 754 nem
407 711 608 771 corporis
642 711 793 756 animo
825 710 1134 757 sublevantem.
1173 710 1393 755 Praeterea
1428 709 1543 755 idem

270 793 361 825 erat
388 780 558 843 semper
573 817 585 839 ,
603 795 646 828 et
665 783 708 827 in
728 783 851 828 omni
872 783 969 829 εξὶιι
991 799 1066 844 par
1086 782 1190 838 fibi,
1223 781 1309 827 iam
1328 798 1420 828 non
1437 798 1548 827 con-

272 850 365 897 filio
393 854 535 899 bonus
553 889 567 910 ,
589 854 660 899 sed
689 870 814 900 more
831 870 886 900 eo
910 853 1141 916 perduCtus
1156 889 1170 910 ‚
1205 869 1252 899 ut
1271 870 1360 899 non
1379 868 1548 899 tantum

269 924 384 969 reeie
402 923 546 971 facere
572 925 738 987 poffet,
769 926 841 972 sed
873 926 948 972 nisi
976 927 1090 973 re&e
1121 926 1263 973 facere
1287 943 1377 973 non
1400 926 1549 988 poffet.

270 996 564 1045 Intelleximus
584 999 628 1045 in
656 999 731 1045 illo
756 999 991 1061 perfeetam
1010 999 1094 1047 effe
1116 999 1325 1046 virtutem
1345 1016 1355 1045 :
1378 999 1485 1045 hanc
1504 999 1547 1044 in

272 1083 413 1130 partes
444 1070 684 1117 divisimus.
716 1072 966 1134 Oportebat
997 1071 1252 1133 cupiditates
1284 1069 1550 1128 refraenari,

272 1153 413 1187 metus
441 1142 709 1205 comprimi,
739 1143 937 1189 facienda
957 1143 1213 1205 provideri,
1239 1142 1457 1188 reddenda
1481 1142 1550 1188 di-

269 1213 462 1265 stribui:
496 1216 914 1279 comprehendimus
941 1216 1296 1278 temperantiam,
1331 1213 1553 1261 fortitudi-

269 1303 397 1342 nem,
423 1289 728 1348 prudentiam,
759 1287 989 1345 iustitiam,
1026 1302 1069 1334 et
1089 1289 1210 1335 suum
1237 1288 1396 1349 cuique
1424 1287 1549 1333 dedi-

269 1375 366 1405 mus
395 1359 608 1406 officium.
637 1362 704 1406 Ex
735 1376 827 1423 quo
850 1376 957 1423 ergo
986 1358 1195 1406 virtutem
1230 1358 1547 1406 intelleximus?

265 1431 472 1479 Ostendit
494 1433 614 1478 illam
647 1433 774 1480 nobis
800 1434 915 1480 ordo
945 1434 1068 1491 eius,
1100 1445 1142 1480 et
1163 1432 1328 1490 decor,
1355 1446 1398 1480 et
1434 1449 1547 1479 con-

265 1503 445 1563 stantia,
473 1517 516 1551 et
542 1505 745 1552 omnium
769 1505 884 1552 inter
903 1506 944 1552 se
968 1505 1186 1553 affionum
1209 1506 1473 1562 concordia,
1505 1519 1550 1552 et

265 1580 521 1642 magnitudo
540 1579 667 1643 super
686 1580 834 1626 omnia
855 1580 1040 1628 efferens
1056 1579 1153 1626 sese.
1189 1580 1305 1627 Hinc
1323 1580 1541 1627 intelle&a

265 1652 324 1698 est
346 1652 417 1698 illa
445 1653 570 1699 beata
600 1652 716 1709 vita,
744 1650 938 1698 secundo
965 1650 1159 1698 defluens
1191 1652 1346 1710 cursu,
1376 1651 1543 1698 arbitrii

264 1724 327 1771 sui
347 1737 450 1772 tota.
473 1725 722 1784 Quomodo
748 1740 856 1787 ergo
883 1724 969 1772 hoc
995 1724 1135 1787 ipsum
1164 1725 1291 1771 nobis
1320 1723 1542 1787 apparuit?

263 1799 417 1846 dicam.
440 1800 678 1862 Nunquam
699 1797 769 1844 vir
785 1798 855 1844 ille
876 1797 1092 1860 perfeffits
1112 1797 1379 1860 adeptusque
1400 1795 1544 1842 virtu-

265 1888 351 1920 tem
373 1910 384 1931 ,
406 1872 608 1919 fortunae
629 1870 853 1917 maledixit
871 1888 882 1916 z
905 1887 1129 1933 nunquam
1157 1870 1398 1917 accidentia
1417 1869 1544 1918 tristis

263 1948 459 2010 excepit3
488 1946 633 1994 civem
661 1946 742 1993 effe
768 1945 810 1992 se
830 1945 1020 1992 univerfi
1049 1957 1091 1992 et
1122 1944 1304 1991 militem
1333 1945 1509 1991 credens
1532 1974 1548 1996 ‚

259 2021 432 2066 labores
455 2020 574 2066 velut
600 2020 844 2081 vimperatos
875 2018 1009 2064 subiit.
1042 2016 1272 2080 Quidquid
1303 2017 1540 2073 inciderat,

259 2110 351 2138 non
381 2106 585 2155 tanquam
623 2093 781 2137 malum
819 2091 1065 2154 aspernatus
1099 2090 1159 2136 est
1179 2123 1194 2146 ,
1227 2090 1337 2137 etin
1371 2091 1412 2137 se
1447 2092 1546 2137 casu

261 2166 449 2212 delatum
468 2202 481 2221 ,
511 2166 581 2211 sed
602 2164 718 2227 quasi
742 2165 983 2227 delegatum
1007 2164 1093 2210 fibi.
1124 2165 1225 2210 Hoc
1246 2164 1547 2227 qualecunque

262 2236 350 2294 est,
375 2237 541 2300 inquit,
565 2255 712 2284 meum
735 2237 794 2284 est
822 2255 831 2283 :
865 2238 1063 2298 asperum
1086 2236 1174 2291 est,
1205 2237 1364 2283 durum
1384 2236 1470 2282 est:
1501 2235 1546 2281 in

264 2309 360 2371 ipso
380 2327 591 2358 navemus
611 2327 805 2373 operam.
835 2310 1089 2357 Neceffario
1109 2311 1254 2373 itaque
1272 2325 1450 2372 magnus
1470 2326 1548 2370 ap-

266 2383 436 2444 paruit,
469 2384 542 2445 qui
578 2401 802 2446 nunquam
834 2383 956 2430 malis
983 2383 1222 2446 ingemuit,
1249 2399 1470 2445 nunquam
1494 2382 1549 2427 de

261 2456 354 2504 tato
375 2456 452 2505 suo
475 2458 649 2522 questus
678 2457 769 2520 est,
796 2457 903 2508 fecit
930 2459 1076 2507 multis
1103 2457 1367 2507 intelle8tum
1388 2455 1450 2503 sui
1463 2491 1483 2514 ,
1503 2468 1548 2503 et
