1730 2870
231 230 286 261 22
464 216 512 263 L.
565 214 855 261 ANNAEI
897 215 1269 261 SENECAE

227 338 309 384 pus
343 321 528 378 videris;
559 320 762 384 quamvis
785 321 833 367 sit
867 321 1139 379 incomtum‚
1172 320 1398 368 honestum
1437 321 1511 368 est.

223 396 331 441 Non
357 395 485 441 habet
513 393 657 441 oratio
685 393 800 450 eius,
832 393 905 440 sed
929 394 1057 441 debet
1088 394 1352 457 dignitatem.
1388 394 1512 441 Affer-

226 484 356 531 quem
374 468 578 514 'Fabiano
608 466 738 530 poffis
763 483 1050 530 praeponere.
1087 468 1175 514 Dic
1206 468 1470 514 Ciceronem
1497 504 1511 526 ,

226 542 349 588 cuius
378 542 475 588 libri
500 542 552 587 ad
580 541 900 605 phiiosophiam
928 541 1211 603 pertinentes,
1247 558 1382 604 paene
1403 543 1511 588 toti⁸

227 616 329 660 dem
350 616 469 671 sunt,
501 627 610 678 quot
639 614 828 662 Fabiani.
853 616 1034 663 Ceclam.
1061 615 1132 661 scd
1163 631 1252 660 non
1271 614 1411 661 statim
1432 633 1513 677 pu—

228 686 365 731 sillum
388 686 474 743 est,
504 685 532 732 fi
560 687 666 750 quid
693 687 890 733 maximo
925 687 1067 732 minus
1097 685 1169 732 est.
1201 687 1292 735 Dic
1319 687 1510 734 Asinium

232 757 497 805 Pollionem.
548 759 732 805 Cedam.
764 771 807 804 et
843 757 1185 820 respondeamus
1211 775 1223 804 :
1252 760 1299 804 In
1331 774 1376 804 re
1397 770 1514 804 tanta

228 830 423 879 eminere
451 831 536 886 est,
562 846 605 878 et
637 830 735 894 post
766 831 879 877 duos
908 831 1008 877 effe„
1036 832 1233 882 Nomina
1264 832 1407 878 adhuc
1442 831 1512 877 Li-

197 937 199 939 ·
227 904 368 952 vium⁰
413 904 587 967 Scripsit
613 904 731 951 enim
766 919 809 951 et
844 907 1042 969 dialogos
1064 943 1078 963 ,
1113 923 1225 970 quos
1254 923 1343 953 non
1377 907 1511 969 magis

229 976 532 1039 philosophiae
555 994 844 1024 annumerare
865 977 996 1040 poffis
1012 1015 1024 1033 ,
1048 996 1180 1042 quant
1207 978 1411 1024 historiae
1433 997 1442 1024 :
1471 991 1513 1024 et

229 1065 284 1094 ex
318 1047 515 1110 professo
543 1047 866 1110 philosophiam
899 1049 1174 1096 continentes
1204 1050 1377 1096 libross
1398 1050 1513 1095 Huic

231 1137 413 1184 quoque
433 1122 547 1168 dabo
570 1123 719 1168 locum
741 1138 750 1166 ε
776 1122 877 1169 vide
902 1134 1072 1179 tamen,
1097 1140 1227 1187 quam
1257 1123 1418 1169 multos
1440 1140 1512 1169 an-

230 1196 423 1251 tecedat,
452 1197 531 1259 qui
553 1214 576 1243 a
604 1197 741 1244 tribus
772 1197 992 1256 vincitur,
1018 1212 1062 1245 et
1089 1199 1226 1244 tribus
1252 1198 1513 1260 eloquentis-

230 1266 358 1314 simis.
394 1268 477 1313 Sed
494 1264 587 1313 *non
617 1268 799 1330 praestat
827 1270 987 1316 omnia.
1019 1287 1108 1315 non
1136 1270 1196 1315 est
1217 1269 1344 1315 soz-tis
1373 1271 1514 1316 oratio

236 1340 357 1398 eius,
386 1339 589 1404 quamvis
621 1342 728 1388 elata
756 1341 805 1387 sit
823 1359 833 1388 :
853 1358 942 1388 non
972 1341 1033 1388 est
1058 1341 1275 1397 violenta,
1308 1359 1387 1389 nec
1420 1354 1512 1388 toru

231 1430 352 1469 rens,
381 1413 583 1476 quamvis
607 1414 736 1462 effusa
766 1415 814 1461 sit
838 1434 848 1461 z
874 1432 964 1461 non
991 1414 1052 1461 est
1071 1414 1290 1476 perspicua
1307 1446 1320 1469 ‚
1347 1415 1418 1460 sed
1438 1433 1515 1477 pu-

231 1504 290 1534 ra.
331 1486 589 1544 Defideres‚
617 1488 787 1552 inquies
808 1522 821 1544 ,
852 1501 1004 1536 contra
1034 1487 1140 1534 vitia
1175 1487 1338 1551 aliquid
1371 1488 1515 1550 aspere

232 1559 348 1615 dici,
371 1571 522 1606 contra
548 1561 741 1623 pericula
765 1561 957 1611 animose
976 1597 988 1618 ,
1017 1572 1170 1607 contra
1201 1559 1423 1606 fortunam
1445 1561 1511 1605 su-

231 1633 387 1695 perbe,
419 1646 574 1681 contra
600 1633 888 1680 ambitionem
924 1632 1251 1680 contumeliose.
1295 1632 1418 1678 Volo
1449 1631 1513 1678 lu-

231 1707 400 1753 xuriam
437 1707 684 1770 obiurgari,
713 1707 938 1753 libidinem
965 1704 1168 1762 traduci,
1202 1704 1509 1767 impotentiam

235 1775 376 1841 frangi
398 1796 408 1824 ε
428 1778 478 1824 fit
498 1778 662 1841 aliquid
687 1778 878 1825 oratorie
897 1795 1018 1833 acre,
1045 1777 1203 1840 tragice
1224 1777 1409 1841 grande,
1438 1793 1516 1824 cn-

194 1878 200 1881 -
233 1846 348 1894 mice
374 1848 496 1895 exile.
536 1849 614 1895 Vis
646 1849 763 1895 illum
798 1848 975 1894 assidere
1005 1848 1175 1910 pusillae
1205 1846 1294 1903 rei‚
1324 1847 1470 1893 verbis
1495 1846 1513 1892 ἲ·

234 1918 308 1965 Ille
329 1935 473 1965 rerum
496 1919 538 1966 se
558 1919 849 1983 magnitudini
876 1920 1074 1966 addixit:
1098 1917 1417 1981 eloquentiam,
1439 1934 1513 1963 ve-

235 1989 302 2035 lut
324 1992 545 2049 umbram,
584 2008 674 2038 non
703 1992 790 2038 hoc
813 2009 966 2054 agens,
997 1990 1225 2038 contrahit.
1264 1992 1369 2036 Non
1389 2004 1514 2036 erunt

233 2061 320 2108 fine
349 2063 484 2110 dubio
503 2063 662 2127 singula
688 2064 1022 2127 circumspefih,
1056 2080 1138 2110 nec·-
1167 2063 1211 2109 in
1242 2062 1283 2109 se
1312 2063 1516 2120 collevita,

233 2151 315 2181 nec
341 2151 476 2183 omne
500 2138 684 2184 verbum
714 2136 921 2184 excitabit
941 2153 992 2182 ac
1022 2148 1182 2199 punget
1203 2154 1213 2181 :
1236 2135 1377 2181 fateor
1397 2153 1408 2181 :
1428 2137 1516 2181 exi-

234 2207 342 2253 bunt
366 2208 499 2253 multa
515 2243 527 2263 ,
550 2225 629 2254 nec
655 2206 836 2262 ferient,
856 2220 899 2253 et
921 2207 1139 2254 interdum
1160 2207 1300 2253 etiosa
1326 2218 1513 2269 praeter-

235 2278 403 2325 labetur
423 2280 569 2326 oratio
591 2297 601 2326 ε
628 2278 699 2325 sed
723 2279 909 2325 multum
930 2279 1010 2326 erit
1032 2280 1075 2325 in
1104 2279 1308 2325 omnibus
1336 2279 1444 2325 locis
1472 2290 1514 2324 et

233 2349 385 2412 ingens
414 2350 500 2398 sine
534 2351 679 2399 taedio
710 2352 908 2414 spatium.
953 2352 1160 2415 Denique
1190 2351 1297 2397 illud
1326 2350 1517 2413 praesta-

233 2423 323 2479 bit,
350 2438 399 2470 ut
424 2423 587 2486 liqueat
618 2425 723 2482 tibi,
750 2426 870 2471 illum
900 2425 1065 2471 sensisse
1091 2442 1203 2488 quae
1224 2424 1400 2487 scripsit.
1442 2427 1514 2470 ln-

229 2495 393 2559 telliges
423 2497 563 2543 aftum
595 2496 711 2557 hoc,
740 2510 789 2544 ut
819 2512 868 2544 tu
892 2496 1024 2545 scires
1060 2496 1168 2560 quid
1195 2495 1258 2543 illi
1290 2495 1509 2559 placerem
