1730 2870
398 123 660 171 NATUR.
705 89 1001 184 QUAEST.
1048 126 1163 171 ΜΒ.
1202 127 1231 170 r.
1369 141 1451 187 153

189 230 373 277 fluidum
392 266 406 288 ,
428 231 757 294 periturumque
787 230 864 277 nisi
887 231 1064 278 subinde
1091 231 1343 294 impleatur,
1371 231 1460 277 far-

190 305 346 361 cirem,
366 316 409 350 et
434 304 634 351 viverem
655 305 772 367 aegri
792 304 1016 351 minister?
1039 318 1085 351 ut
1112 319 1301 350 mortem
1333 304 1461 351 time-

192 392 281 423 rem
301 411 315 432 ,
347 376 418 422 cui
437 393 591 423 omnes
621 377 868 424 nascimur?
897 377 1090 424 Detrahe
1109 378 1196 423 hoc
1216 375 1462 422 inaestima-

192 449 276 496 bile
301 448 497 508 bonum‚
527 466 618 496 non
644 450 704 496 est
734 451 823 497 vita
859 451 991 507 tanti,
1031 464 1077 496 ut
1109 450 1284 507 sudem,
1309 463 1356 496 ut
1391 466 1464 496 ae-

194 519 343 568 stuem.
365 523 409 568 O
440 539 570 586 quam
593 535 815 569 contemta
842 539 910 569 res
941 521 1000 567 est
1031 521 1170 568 homo
1186 557 1201 578 ,
1233 521 1309 568 nisi
1338 521 1464 584 supra

193 592 377 638 humana
396 593 653 641 surrexerit!
683 595 905 653 Quamdiu
933 610 1031 639 cum
1053 592 1277 640 affeffibus
1297 594 1465 641 colluc-

192 677 361 722 tamur,
393 666 501 728 quid
531 664 753 730 magnifici
785 664 1000 712 facimus?
1030 665 1190 711 etiamsi
1222 666 1466 727 superiores

190 736 359 795 sumus,
395 750 594 799 portenta
625 739 852 786 vincimus.
891 738 1014 798 Quid
1041 737 1122 794 est,
1153 755 1230 784 cur
1262 739 1465 802 suspicia-

190 826 287 856 mus
309 810 594 873 nosmetipsos
613 847 625 868 ‚
652 813 752 875 quia
781 812 998 858 dissimiles
1022 812 1265 859 deterrimis
1285 812 1465 860 sumus?

191 899 283 929 non
301 884 436 931 video
456 901 590 947 quare
608 886 682 931 fibi
701 887 891 948 placeat,
929 886 1002 947 qui
1022 885 1242 932 robustior
1259 886 1320 933 est
1339 887 1468 934 inva-

190 956 466 1004 letudinario.
494 959 684 1006 Multum
721 959 894 1006 interest
931 959 1042 1006 inter
1077 959 1195 1006 vires
1228 971 1272 1004 et
1304 960 1467 1006 bonam

191 1030 496 1076 valetudinem.
521 1030 711 1094 Effugisti
737 1031 842 1078 vitia
860 1031 993 1077 animi
1015 1048 1025 1075 :
1047 1048 1137 1077 non
1157 1031 1217 1077 est
1245 1031 1323 1077 tibi
1346 1030 1468 1077 frons

190 1098 285 1147 ficia
300 1137 313 1157 ,
342 1102 485 1147 necin
513 1103 694 1148 alienam
715 1104 986 1149 voluntatem
1007 1102 1149 1148 sermo
1180 1104 1469 1164 compofitus‚

189 1190 271 1221 nec
290 1190 370 1220 cor
387 1175 660 1235 involutum,
679 1195 759 1224 nec
781 1178 961 1224 avaritia
978 1193 996 1235 ,·
1010 1194 1121 1240 quae
1139 1176 1352 1239 quidquid
1370 1193 1470 1221 orn-2

190 1248 317 1295 nibus
335 1249 530 1305 abstulit,
567 1251 641 1297 fibi
662 1252 749 1313 ipsa
770 1268 895 1314 negat
916 1270 926 1297 :
953 1269 1034 1298 nec
1053 1251 1218 1296 luxuria
1239 1250 1471 1311 pecuniam

189 1322 373 1384 turpiter
393 1324 619 1382 amittens,
650 1343 780 1388 quam
808 1326 978 1387 turpius
997 1337 1165 1388 reparet
1188 1341 1197 1368 :
1223 1341 1302 1370 nec
1331 1324 1471 1369 ambi-

191 1395 282 1452 tio,
307 1413 417 1456 quae
436 1412 479 1443 te
503 1398 555 1444 ad
586 1398 837 1462 dignitatem
866 1397 942 1443 nisi
971 1416 1047 1459 per
1069 1397 1247 1459 indigna
1277 1413 1367 1443 non
1388 1397 1472 1442 du-

191 1479 272 1514 cet.
309 1469 430 1514 Nihil
463 1472 605 1517 adhuc
639 1471 894 1518 consecutus
925 1487 983 1517 es.
1012 1470 1146 1516 multa
1182 1469 1366 1532 effugisti
1388 1484 1472 1516 rte

191 1541 404 1587 nondum.
438 1544 588 1589 Virtus
623 1543 738 1589 enim
769 1560 898 1606 quam
932 1542 1212 1599 affluamus,
1244 1539 1473 1603 magnifica

191 1613 264 1660 est.
286 1632 376 1661 non
407 1617 508 1678 quia
530 1633 606 1677 per
633 1617 672 1661 se
698 1616 872 1661 beatum
898 1615 985 1671 est,
1018 1615 1134 1660 malo
1161 1613 1338 1660 caruisse
1357 1649 1370 1669 ‚
1398 1613 1471 1659 sed

193 1686 293 1747 quia
310 1688 502 1733 animum
521 1689 653 1744 laxat,
673 1706 721 1734 ac
736 1700 961 1750 praeparat
974 1688 1027 1734 ad
1044 1686 1345 1750 cognitionem
1368 1699 1472 1730 coe-

192 1760 388 1816 lestium,
424 1763 691 1826 dignumque
717 1763 876 1820 efficit,
903 1763 978 1822 qui
1006 1761 1049 1806 in
1081 1760 1353 1807 consortium
1383 1756 1472 1805 Dei

191 1834 351 1880 veniat.
365 1837 495 1882 Tunc
509 1835 856 1882 consummatum
874 1834 1002 1883 habet
1015 1833 1283 1896 plenumque
1302 1831 1471 1877 bonum

192 1905 317 1954 sortis
336 1907 549 1955 humanae
564 1944 577 1965 ,
599 1925 697 1955 cum
716 1942 729 1963 ‚
765 1909 932 1954 calcato
960 1906 1083 1953 omni
1108 1906 1226 1952 malo
1243 1941 1257 1963 ,
1283 1903 1389 1966 petit
1410 1904 1472 1950 al-

189 1990 313 2036 tum,
345 1995 388 2026 et
416 1981 460 2026 in
491 1981 747 2027 interiorem
780 1994 958 2027 naturae
993 1979 1133 2041 finum
1167 1977 1300 2025 venit.
1341 1978 1472 2024 Tunc

192 2052 315 2097 iuvat
333 2051 445 2098 inter
463 2053 597 2099 sidera
623 2053 712 2118 ipsa
733 2065 988 2115 vagantem,
1013 2051 1202 2098 divitum
1222 2049 1471 2112 pavimenta

192 2126 356 2182 ridere,
395 2139 437 2172 et
473 2139 613 2173 totam
651 2144 748 2174 cum
785 2142 892 2172 auro
925 2125 1003 2171 suo
1026 2136 1215 2171 terram:
1248 2140 1336 2169 non
1365 2122 1469 2167 illud

211 2213 358 2246 antum
375 2236 387 2257 ,
413 2200 541 2259 dico,
566 2202 686 2263 quod
712 2201 860 2263 egeffit
879 2233 893 2255 ‚
925 2212 967 2246 et
990 2199 1239 2261 fignandum
1267 2213 1472 2245 monetae

194 2277 336 2334 dedit,
364 2276 433 2322 sed
471 2288 513 2322 et
539 2276 643 2322 illud
664 2276 784 2337 quod
818 2276 868 2321 in
894 2274 1073 2321 occulto
1102 2273 1243 2319 servat
1267 2271 1470 2334 postero-

191 2365 286 2395 rum
306 2348 527 2405 avarhiae,
547 2349 642 2395 Nec
661 2348 802 2410 potest
825 2362 922 2393 ante
942 2360 1223 2393 contemnere
1249 2346 1471 2408 porticus,

194 2436 237 2471 et
254 2421 465 2471 lacunaria
485 2422 619 2486 ebore
638 2421 845 2484 fulgentia
860 2457 872 2477 ‚
899 2432 941 2467 et
960 2421 1131 2468 tonsiles
1147 2419 1271 2467 silvas
1286 2452 1301 2475 ,
1333 2432 1375 2466 et
1394 2420 1471 2466 de-
