1730 2870
275 140 366 204 276
499 142 548 188 L.
596 140 905 187 ANNAat
955 108 1350 190 SENECAE

270 259 360 310 pat.
402 249 497 294 Nec
540 247 720 293 Rhenus
735 280 750 305 ‚
784 262 866 293 nec
901 247 1139 295 Rhodanus
1156 284 1170 306 ‚
1206 266 1287 297 nec
1318 249 1459 309 Ister,
1478 266 1560 301 nec

272 320 482 385 Caystrus
499 319 718 366 subiacent
746 319 865 365 malo
885 335 900 378 ²,
918 319 1073 366 aestate
1092 321 1374 383 proveniunt.
1402 323 1561 371 Altiffi-

270 410 370 440 mae
387 392 483 438 sunt
499 402 540 438 et
557 390 602 438 in
621 391 706 438 illis
723 390 1159 454 Septemtrionalibus
1171 391 1280 458 iugis
1298 395 1432 443 nives.
1452 397 1560 444 Pha-

270 467 324 515 fis
350 480 531 529 quoque
551 481 629 527 per
654 463 700 510 id
724 477 899 528 tempus
924 479 969 511 et
995 465 1291 529 Borysthenes
1322 468 1529 516 cresceret
1545 505 1561 528 ,

271 539 302 587 fi
323 539 448 587 nives
467 536 647 584 flumina
667 535 842 599 poffent
870 547 1023 582 contra
1040 536 1241 584 aestatem
1263 556 1419 603 magna
1447 559 1557 605 pro-

272 613 444 659 ducere.
466 612 691 657 Praeterea
709 608 739 654 fi
765 608 874 655 haec
893 607 1017 655 causa
1043 609 1259 657 attolleret
1277 612 1453 671 Nilum,
1480 631 1558 662 ae-

272 684 378 732 state
397 682 536 748 prima
559 681 826 745 pleniffimus
843 680 1009 729 flueret.
1037 684 1170 730 Tunc
1193 683 1313 731 enim
1342 687 1559 734 maximae

271 770 315 805 et
332 757 524 820 integrae
542 754 685 801 adhuc
705 753 832 801 nives
851 788 864 809 ,
887 769 942 799 ex
965 753 1306 818 molliffimoque
1331 756 1452 805 tabes
1483 759 1556 809 est.

271 831 398 879 Nilus
420 842 569 877 autem
591 844 668 892 per
693 827 860 875 menses
888 840 1078 891 quatuor
1096 828 1306 892 liquitur,
1340 842 1384 878 et
1403 831 1466 878 illi
1484 849 1558 880 ae-

270 904 409 969 qualis
423 901 608 950 acceffio
626 901 699 948 est.
711 900 756 946 Si
778 900 948 947 Thaleti
970 900 1134 960 credis,
1153 901 1316 949 Etesiae
1333 902 1557 952 disceden-

271 980 305 1026 ti
323 978 429 1024 Nilo
447 974 668 1034 resistunt,
691 989 734 1021 et
750 973 898 1022 cursus
916 973 1010 1020 eius
1027 974 1126 1021 acto
1145 986 1300 1021 contra
1317 974 1429 1030 ostia
1446 977 1557 1026 mari

270 1051 475 1100 sustinent
493 1067 503 1097 :
523 1049 579 1095 ita
597 1048 900 1095 reverberatus
917 1047 962 1093 in
983 1046 1025 1093 se
1041 1047 1228 1094 recurrit
1246 1065 1257 1094 :
1276 1065 1358 1096 nec
1375 1050 1555 1110 crescit,

269 1124 343 1172 sed
363 1110 480 1170 exitu
506 1120 755 1185 prohibitus
783 1118 961 1177 resistit,
992 1133 1037 1166 et
1056 1136 1320 1185 quacunque
1347 1138 1454 1169 mox
1470 1140 1557 1185 po-

268 1196 381 1254 tuit,
413 1194 686 1242 incon-:effus
715 1192 918 1256 erumpit.
956 1193 1259 1257 Euthymenes
1289 1195 1559 1245 Maffilienfis

200 1262 205 1265 ⁷
267 1266 565 1316 testimonium
585 1265 715 1312 dicit:
733 1263 974 1327 Navigavi,
992 1263 1152 1327 inquit,
1175 1265 1444 1313 Atlanticum
1462 1284 1556 1314 ma-

265 1356 324 1387 re.
357 1339 461 1385 inde
480 1337 605 1384 Nilus
632 1336 731 1384 fluit
753 1336 925 1394 maior,
951 1336 1163 1400 quamdiu
1191 1337 1353 1384 Etesiae
1382 1353 1557 1401 tempus

266 1412 532 1460 observant:
563 1422 667 1457 tunc
682 1408 800 1456 enim
831 1409 1002 1457 eiicitur
1021 1425 1142 1456 mare
1170 1408 1424 1457 instantibus
1443 1427 1553 1458 ven-

264 1486 330 1532 tis.
359 1486 476 1531 Cum
496 1475 760 1541 resederint,
785 1493 828 1529 et
847 1482 1028 1545 pelagus
1050 1479 1350 1544 conquiescit:
1380 1482 1555 1529 minor-

265 1574 352 1621 que
371 1555 607 1604 discedenti
629 1556 731 1603 inde
751 1555 818 1602 vis
837 1555 944 1602 Nilo
965 1554 1040 1601 est.
1070 1555 1280 1601 Ceterum
1301 1554 1439 1602 dulcis
1456 1572 1552 1603 ma-

264 1630 322 1677 ris
341 1630 468 1692 sapor
489 1627 551 1675 est
564 1663 578 1687 ,
594 1639 637 1675 et
655 1627 810 1674 similes
828 1626 1032 1674 Niloticis
1051 1627 1236 1674 belluae.
1259 1628 1409 1687 Quare
1426 1645 1554 1692 ergo,

262 1703 295 1751 fi
322 1703 472 1750 Nilum
498 1701 663 1749 Etesiae·
679 1713 958 1765 provocant,
985 1714 1028 1748 et
1055 1712 1154 1747 ante
1179 1700 1277 1747 illos
1295 1701 1451 1765 incipit
1480 1702 1555 1749 in-

262 1790 539 1825 crementum
567 1775 684 1832 eius,
705 1788 748 1822 et
766 1774 864 1838 post
883 1790 961 1822 eos
981 1774 1136 1821 durat?
1155 1777 1378 1822 Praeterea
1396 1792 1488 1822 non
1504 1775 1555 1823 fit

262 1851 427 1908 maior,
447 1866 540 1914 quo
570 1848 632 1895 illi
652 1848 818 1896 flavere
836 1847 1166 1896 vehementius?
1195 1849 1291 1894 Nec
1310 1848 1551 1896 remittitur

259 1923 549 1987 imitaturque
563 1959 576 1981 ‚
597 1935 732 1986 prout
757 1923 839 1971 illis
859 1921 1046 1986 impetus
1065 1921 1148 1969 fuit
1168 1940 1180 1969 z
1202 1922 1325 1986 quod
1343 1920 1466 1971 fieret
1485 1958 1499 1981 ‚
1519 1923 1552 1970 fi

258 1996 437 2044 illorum
464 1996 632 2044 viribus
662 1997 884 2045 cresceret.
915 1994 1063 2057 Quid,
1097 1996 1222 2059 quod
1254 1996 1419 2043 Etesiae
1450 1996 1553 2045 litus

259 2071 533 2136 Aegyptium
562 2072 820 2129 verberant,
848 2084 891 2118 et
913 2087 1065 2118 contra
1090 2070 1189 2117 illos
1210 2068 1339 2116 Nilus
1368 2069 1550 2117 descen-

259 2146 351 2203 dit,
374 2145 475 2191 inde
503 2159 740 2204 venturus,
769 2145 887 2192 unde
907 2144 992 2203 illi,
1022 2145 1052 2190 fi
1072 2143 1201 2207 origo
1224 2144 1278 2190 ab
1303 2143 1386 2190 illis
1411 2142 1550 2190 effet?

259 2218 485 2264 Praeterea
513 2232 568 2263 ex
597 2217 706 2262 mari
729 2233 867 2280 purus
893 2228 935 2263 et
966 2215 1187 2267 caeruleus
1205 2217 1430 2273 efflueret,
1455 2231 1547 2263 non

260 2302 309 2335 ut
340 2305 456 2336 nunc
489 2287 689 2335 turbidus
720 2288 857 2336 venit.
894 2288 1048 2346 Adde,
1087 2288 1213 2351 quod
1246 2285 1544 2335 testimonium

259 2360 353 2406 eius
385 2359 554 2406 testium
582 2361 708 2406 turba
740 2351 1009 2423 coarguitur.
1035 2360 1166 2407 Tunc
1197 2374 1288 2421 erat
1312 2359 1546 2406 mendacio

259 2433 407 2491 locus,
429 2449 528 2480 cum
546 2432 695 2496 ignota
713 2431 848 2480 effent
869 2443 1056 2480 externa.
1080 2431 1258 2480 Licebat
1282 2430 1363 2479 illis
1379 2429 1545 2478 fabulas
