1730 2870
306 173 392 218 170
525 160 574 204 L.
626 159 916 206 ANNAEI
965 159 1318 209 SENECAE

297 262 398 308 culo
427 262 499 318 id,
526 263 645 310 cuius
666 263 898 327 imaginem
918 268 962 311 in
985 266 1024 312 se
1044 268 1300 316 transferat:
1330 267 1386 315 fic
1417 283 1465 316 ut
1495 286 1576 316 nu-

298 335 373 381 bes
401 334 520 381 infici
547 335 734 396 possint3
771 336 827 381 ita
850 337 950 383 solis
973 340 1025 383 ad
1044 339 1129 386 hoc
1148 357 1260 402 opus
1275 340 1335 387 est
1354 341 1578 391 radiorum

296 405 481 453 idoneus
512 407 635 453 idtus.
665 407 783 453 Haec
816 408 1020 454 dicuutur
1059 410 1113 456 ab
1144 411 1192 458 iis
1220 413 1295 476 qui
1321 413 1462 460 videri
1494 430 1576 460 vo-

293 480 386 526 lunt
404 480 561 527 nubem
588 481 788 527 colorari.
820 482 1106 541 Posidonius,
1132 498 1172 534 et
1193 486 1238 534 hi
1268 488 1342 552 qui
1369 487 1577 550 speculari

289 554 459 601 ratione
497 554 610 602 effici
644 555 836 603 iudicant
873 556 1046 615 visum,
1081 558 1168 605 hoc
1203 561 1464 622 respondent
1494 579 1503 607 :
1532 561 1574 607 Si

291 626 401 673 ullus
425 629 529 676 esset
555 631 598 676 in
618 649 720 678 arcu
743 633 891 687 color,
913 646 1214 695 permaneret,
1233 648 1274 682 et
1294 636 1502 684 viseretur
1517 652 1574 682 eo

289 699 580 758 manifestius,
610 721 700 765 quo
722 705 915 767 propius.
937 705 1069 751 Nunc
1086 706 1230 769 imago
1254 723 1376 753 arcus
1394 725 1447 754 ex
1469 708 1570 761 lon-

287 770 456 835 ginquo
491 775 604 821 clara
627 776 687 823 est
715 795 725 824 :
756 778 932 834 interit,
961 796 1058 825 cum
1092 778 1136 825 in
1171 779 1323 826 vicino
1351 780 1422 826 est.
1458 782 1573 828 Huic

288 848 626 895 contradiiffioni
647 864 736 898 non
758 852 1013 911 consentiO,
1043 870 1143 899 cum
1162 853 1294 916 ipsam
1316 853 1570 901 sententiam

286 919 490 980 probem.
508 923 688 982 Quare?
722 926 878 973 dicam.
911 926 1028 987 Quia
1047 926 1270 973 coloratur
1292 926 1472 990 quidem
1492 944 1572 974 nu-

310 1008 362 1038 es
392 1010 403 1038 ε
430 992 612 1051 sedita,
645 1011 693 1044 ut
726 998 852 1044 color
885 999 975 1046 eius
1005 1016 1096 1046 non
1133 999 1329 1061 undique
1358 1012 1573 1061 appareat.

288 1065 402 1111 Nam
432 1084 487 1113 ne
511 1067 599 1130 ipsa
619 1070 798 1132 quidem
828 1072 1021 1133 undique
1040 1086 1230 1134 apparet.
1258 1071 1433 1119 Nubem
1452 1072 1569 1119 enim

285 1154 419 1185 nemo
449 1141 525 1203 qui
557 1142 601 1188 in
626 1143 714 1205 ipsa
742 1145 825 1200 est,
856 1147 988 1191 vider.
1030 1145 1152 1206 Quid
1171 1161 1276 1208 ergo
1309 1145 1497 1201 mirum,
1541 1145 1571 1191 fi

285 1213 412 1259 color
442 1215 535 1262 eius
567 1233 655 1263 non
678 1219 854 1265 videtur
880 1220 934 1265 ab
964 1236 1048 1275 eo,
1083 1236 1105 1264 a
1124 1235 1215 1281 quo
1239 1217 1329 1280 ipsa
1355 1234 1444 1264 non
1475 1218 1572 1265 vifi-

284 1289 390 1335 tur?
421 1290 585 1351 Atqui,
621 1292 824 1355 quamvis
856 1292 944 1355 ipsa
966 1308 1058 1338 non
1090 1291 1315 1349 videatur,
1349 1291 1440 1339 est:
1464 1309 1571 1355 ergo

282 1375 325 1406 et
351 1363 489 1410 color.
520 1368 580 1412 Ita
603 1383 695 1412 non
717 1366 776 1412 est
796 1378 1102 1429 argumentum
1127 1364 1216 1410 falfi
1238 1364 1401 1411 coloris
1426 1382 1436 1411 ε
1469 1365 1570 1427 quia

281 1433 396 1480 idem
431 1453 641 1500 apparere
677 1439 983 1486 accedentibus
1016 1438 1179 1485 definit.
1220 1439 1338 1485 Idem
1376 1438 1492 1485 enim
1526 1439 1570 1484 in

281 1505 381 1567 ip‘fis
407 1512 555 1558 evenit
575 1513 762 1560 nubibus
785 1532 796 1559 ε
819 1530 900 1560 nec
929 1514 1033 1560 ideo
1062 1513 1184 1559 falsae
1205 1513 1302 1559 sunt
1322 1548 1334 1568 ,
1361 1512 1462 1574 quia
1482 1530 1573 1559 non

283 1581 503 1632 videntur.
525 1587 746 1633 Praeterea
765 1605 863 1633 cum
887 1587 1041 1633 dicitur
1061 1587 1166 1643 tibi,
1189 1587 1348 1633 nubem
1378 1587 1464 1634 sole
1485 1587 1585 1641 eff&

281 1653 527 1714 suffefitam‚
564 1675 653 1704 non
684 1659 844 1706 dicitur
873 1660 982 1716 tibi,
1016 1659 1210 1706 colorem
1245 1658 1366 1705 illum
1396 1658 1572 1705 immix-

280 1738 375 1774 tum
409 1729 495 1778 effe
525 1731 644 1778 velut
670 1732 786 1779 duro
822 1733 1003 1794 corpori
1031 1748 1081 1778 ac
1111 1730 1247 1778 stabili
1277 1744 1320 1778 et
1345 1732 1570 1791 manenti,

278 1799 352 1846 sed
380 1814 426 1848 ut
458 1802 598 1850 fluido
629 1821 672 1852 et
701 1822 820 1868 vago
839 1841 851 1861 ‚
887 1818 930 1852 et
961 1805 1066 1852 nihil
1090 1805 1275 1866 amplius
1303 1822 1434 1868 quam
1463 1822 1564 1867 per-

280 1873 682 1938 brevem-speciem
712 1878 954 1940 recipienti.
981 1880 1089 1924 Sunt
1118 1878 1249 1923 etiam
1280 1876 1458 1938 quidam
1489 1893 1566 1923 co-

276 1944 416 2002 lores,
436 1949 510 2010 qui
532 1968 585 1997 ex
602 1951 834 1998 interva'ilo
864 1951 955 1997 vim
977 1950 1092 1997 suam
1119 1949 1365 1996 ostendunt.
1392 1950 1564 2010 Purpu-

278 2033 370 2063 ram
394 2019 582 2083 Tyriam
604 2057 617 2079 ,
646 2038 736 2085 quo
767 2023 925 2070 melior
945 2023 1212 2085 saturiorque
1230 2020 1290 2067 est
1305 2056 1318 2079 ‚
1350 2036 1406 2066 eo
1427 2037 1565 2082 opor-

275 2100 336 2137 tet
369 2092 492 2141 altius
518 2106 691 2150 teneas,
716 2108 762 2141 ut
796 2096 1011 2157 fulgorem
1048 2096 1172 2142 suum
1204 2094 1419 2142 ostendat.
1455 2095 1561 2140 Non

277 2174 423 2211 tamen
444 2166 545 2214 ideo
564 2184 654 2214 non
673 2168 803 2215 habet
824 2168 891 2214 illa
909 2169 1108 2216 colorem
1130 2184 1140 2212 :
1162 2167 1262 2229 quia
1287 2183 1420 2230 quem
1443 2167 1561 2229 opti-

278 2253 398 2284 mum
417 2239 570 2303 habet,
595 2258 686 2289 non
708 2242 1119 2306 quomodocunque
1140 2240 1409 2302 explicetur,
1423 2239 1563 2286 ossen-

276 2310 350 2356 dit.
377 2313 421 2357 In
446 2314 597 2360 eadem
623 2314 831 2361 sententia
859 2315 978 2371 sum,
1001 2332 1086 2376 qua
1108 2312 1394 2369 Polidonius,
1413 2328 1458 2358 ut
1487 2330 1557 2357 ar-

274 2401 374 2431 cum
407 2386 595 2434 iudicem
623 2388 717 2437 fieri
739 2389 854 2435 nube
882 2388 1069 2435 formata
1095 2387 1139 2434 in
1169 2388 1351 2434 modum
1370 2387 1559 2433 concavi

234 2488 239 2494 -
270 2454 430 2519 speculi
448 2474 491 2507 et
519 2462 731 2521 rotundi,
759 2462 830 2511 cui
860 2462 1007 2510 forma
1037 2461 1085 2509 fit
1107 2460 1236 2525 partis
1262 2477 1286 2507 e
1308 2457 1391 2523 pila
1412 2458 1559 2507 sech-c.
