1730 2870
498 173 1075 220 EPISTOLAE.
1361 191 1416 238 45

156 280 474 347 pugnaciffimis
487 280 705 336 subnixus,
722 293 788 327 tot
806 294 1080 328 externarum
1102 277 1291 343 gentium
1308 297 1428 343 prae-

158 357 296 410 fidiis;
313 356 413 401 hinc
433 355 518 400 Cn.
533 354 770 416 Pompeius
783 390 796 409 ‚
814 355 909 417 satis
923 371 1032 401 unus
1050 353 1250 400 adversus
1267 353 1433 401 omnia.

156 429 271 474 Cum
287 428 354 473 alii
372 426 424 472 ad
438 427 662 472 Caesarem
683 427 965 479 inclinarent,
983 426 1051 472 alii
1072 427 1123 473 ad
1137 427 1397 488 Pompeium
1413 461 1430 482 ‚

157 499 275 546 solus
293 499 409 544 Cato
431 497 532 544 fecit
552 497 717 560 aliquas
747 513 790 545 et
812 499 1071 560 reipublicae
1091 512 1246 560 partes.
1270 498 1312 542 Si
1333 497 1430 542 ani-

158 588 236 617 mo
275 571 507 632 complesti
548 570 741 617 volueris
779 571 889 617 illius
918 571 1150 632 imaginem
1185 571 1398 632 temporis
1415 605 1432 627 ,

157 644 326 692 videbis
346 645 466 689 illinc
490 644 660 706 plebem
682 655 724 689 et
744 659 921 689 omnem
953 645 1142 689 eresium
1173 646 1224 690 ad
1255 661 1322 689 res
1355 660 1434 688 no-

156 730 235 761 vas
257 715 436 778 vulgum
457 732 467 759 :
492 715 591 761 hinc
608 714 838 776 optimates
860 729 902 760 et
923 716 1160 779 equestrem
1192 717 1395 762 ordinem
1412 750 1427 772 ,

159 786 373 848 quidquid
402 797 490 831 erat
509 786 551 830 in
579 787 753 832 civitate
781 786 909 831 sanffi
934 798 974 832 et
1003 786 1099 832 leffl
1120 804 1129 831 ε
1151 788 1260 831 duos
1279 787 1322 830 in
1341 803 1436 832 me-

161 857 237 903 dio
264 856 438 903 reliftos
453 892 463 911 ,
497 861 602 901 Rem
611 856 825 916 publicam
846 869 887 903 et
908 857 1143 905 Catonem.
1173 857 1403 902 Miraberis
1420 890 1436 914 ,

160 927 339 991 inquam
357 964 370 986 ‚
406 944 506 975 cum
535 927 894 975 animadverteris

181 1037 378 1081 Atridam
392 1071 406 1093 ,
428 1038 718 1095 Priamumque
730 1071 745 1093 ‚
767 1032 988 1096 &saevum
1009 1039 1204 1082 ambobus
1221 1037 1441 1082 Achillem.

163 1144 408 1207 Utrumque
435 1143 552 1189 enim
575 1142 820 1205 improbat,
835 1158 1070 1206 utrumque
1086 1159 1293 1191 exarmat.
1316 1145 1441 1190 Hanc

163 1215 246 1262 fert
272 1217 326 1263 de
358 1227 549 1278 utroque
578 1215 848 1263 sententiam.
881 1216 955 1263 Ait
984 1217 1050 1274 se,
1078 1218 1110 1263 fi
1133 1217 1288 1264 Caesar
1313 1218 1439 1264 vice-

161 1289 249 1346 rit,
277 1288 537 1335 moriturum
575 1305 585 1333 :
611 1287 639 1333 fi
671 1287 935 1350 Pompeius,
969 1290 1271 1337 exsulaturum.
1317 1289 1442 1351 Quid

165 1361 350 1407 habebat
376 1362 496 1424 quod
522 1361 693 1407 timeret
710 1396 723 1418 ,
757 1362 832 1424 qui
870 1379 919 1409 ea
948 1361 1023 1408 fibi
1053 1374 1096 1409 et
1121 1363 1245 1410 vieto
1275 1376 1317 1409 et
1344 1363 1444 1409 vic-

164 1433 250 1480 tori
268 1434 572 1491 constituerat,
595 1449 706 1495 quae
724 1433 957 1481 constituta
974 1434 1059 1481 effe
1076 1436 1129 1481 ab
1149 1436 1340 1482 hostibus
1357 1436 1442 1480 ira-

165 1504 333 1552 tiffimis
362 1506 601 1568 poterant?
632 1506 760 1552 Periit
782 1505 928 1569 itaque
954 1524 1006 1553 ex
1033 1508 1210 1554 decreto
1235 1508 1324 1555 suo.
1359 1507 1442 1553 Vi-

168 1579 243 1624 des
272 1579 395 1640 posse
423 1578 622 1641 homines
653 1579 824 1626 labores
858 1581 984 1643 pati?
1021 1598 1098 1643 per
1129 1581 1291 1628 medias
1322 1580 1446 1627 Afri-

169 1666 244 1697 cae
269 1650 518 1697 solitudines
547 1651 682 1713 pedes
714 1651 840 1697 duxit
871 1653 1128 1700 exercitum.
1159 1654 1296 1699 Vides
1323 1653 1446 1714 poffe

169 1723 354 1768 tolerare
380 1721 520 1770 fitim?
543 1735 585 1769 et
604 1723 650 1768 in
670 1722 854 1769 collibus
880 1725 1124 1781 arentibus,
1147 1724 1233 1771 fine
1253 1726 1345 1771 ullis
1363 1726 1445 1771 im·

167 1794 426 1856 pedimentis
451 1794 553 1841 vieti
571 1794 785 1841 exercitus
808 1794 1013 1857 reliquias
1032 1795 1230 1853 trahens,
1249 1796 1445 1858 inopiam

170 1867 371 1913 humoris
398 1865 606 1911 loricatus
630 1865 730 1911 tulit
751 1884 760 1909 :
782 1879 825 1911 et
854 1865 1030 1928 quoties
1054 1882 1188 1929 aquae
1216 1865 1355 1912 fuerat
1369 1884 1448 1913 oc-

171 1937 315 1996 casio,
344 1937 601 1985 novissimus
629 1936 754 1983 bibit.
804 1936 938 1984 Vides
969 1937 1189 1985 honorem
1220 1952 1264 1986 et
1294 1952 1446 1986 notam

170 2011 294 2075 posse
328 2009 590 2058 contemni?
628 2008 786 2056 eodem
821 2025 912 2071 quo
947 2009 1139 2071 repulsus
1170 2010 1231 2057 est
1267 2011 1362 2066 die,
1403 2011 1449 2056 in

172 2082 361 2129 comitio
396 2081 481 2144 pila
508 2079 617 2126 lufit.
662 2079 800 2127 Vides
836 2080 959 2143 posse
991 2097 1082 2127 non
1111 2082 1255 2128 timeri
1288 2099 1450 2145 poten-

172 2156 275 2202 tiam
302 2153 604 2217 superiorum?
626 2166 670 2201 et
699 2153 960 2216 Pompeium
984 2168 1026 2200 et
1048 2153 1272 2201 Caesarem
1290 2191 1304 2213 ‚
1328 2171 1447 2217 quo-

174 2246 271 2276 rum
297 2243 427 2274 nemo
451 2227 633 2274 alterum
663 2226 888 2274 offendere
918 2227 1128 2283 audebat,
1166 2227 1240 2272 nifi
1271 2241 1317 2273 ut
1341 2227 1450 2274 alte-

175 2316 274 2346 rurn
294 2297 603 2352 demereretur,
620 2295 744 2343 simul
761 2296 1041 2360 provocavit.
1071 2296 1202 2343 Vides
1220 2310 1308 2342 tam
1328 2313 1452 2342 mor-

177 2387 266 2420 tem
288 2372 408 2435 poss'e
436 2369 660 2419 contemni
684 2387 816 2435 quam
841 2370 1035 2417 exsilium
1056 2367 1074 2414 ?
1095 2379 1139 2414 et
1163 2368 1354 2415 exsilium
1373 2366 1452 2414 fibi

177 2444 333 2493 indixit
348 2458 392 2493 et
409 2458 601 2507 mortem
620 2475 635 2498 ,
650 2455 694 2491 et
720 2442 895 2491 interim
919 2442 1097 2493 bellum.
1117 2440 1347 2489 Possumus
1371 2440 1451 2490 ita·¹

1312 2606 1359 2637 :3
