1730 2870
526 169 1106 216 EPtSTOLAF.
1402 184 1459 229 29

190 279 287 341 quia
323 278 470 325 omnia
501 277 663 340 exigis,
694 275 841 322 omnia
875 292 986 337 quae
1022 274 1171 320 dicunt
1201 272 1465 335 persequar,

191 352 348 397 deinde
365 350 536 414 singulis
552 366 796 396 occurram.
828 354 881 394 At
903 351 975 395 nisi
996 348 1156 410 aliquid
1174 348 1429 410 praedixero
1451 383 1465 404 ‚

189 423 368 486 intelligi
405 440 494 468 non
531 435 733 485 poterunt
767 439 876 484 quae
915 422 1176 467 refellentur.
1215 421 1336 479 Quid
1369 421 1427 465 est
1450 457 1465 476 ,

188 497 311 557 quod
332 496 581 557 praedicere
600 495 729 541 velim
753 495 769 539 ?
791 495 1017 553 Quaedam
1039 494 1245 540 continua
1268 492 1350 539 effe
1368 509 1465 538 cor·

187 587 296 631 pora
313 602 325 622 ‚
345 585 391 615 ut
410 569 634 615 hominem
659 586 668 613 :
691 569 901 630 quaedam
926 566 1170 628 composita
1189 603 1199 622 ‚
1218 579 1262 630 ut
1281 582 1436 611 navem
1452 601 1466 622 ‚

189 641 370 685 domum
398 676 411 698 ,
448 641 597 686 omnia
637 639 824 701 denique
861 654 1047 700 quorum
1088 637 1278 683 diversae
1322 650 1466 698 partes

189 713 390 759 iunfihlra
416 713 458 758 in
489 730 621 758 unum
650 711 744 757 sunt
770 712 969 756 coafflae:
998 709 1206 772 quaedam
1231 726 1283 754 ex
1306 709 1466 755 distan-

188 785 328 844 tibus,
366 804 555 849 quorum
590 785 729 830 adhuc
763 784 956 829 membra
987 784 1173 845 separata
1208 783 1330 840 sunt,
1367 798 1466 828 tan-

189 874 317 919 quam
351 859 568 904 exercitus
594 894 606 913 ,
644 857 859 919 populus,
901 855 1077 901 stsnatus.
1117 857 1178 900 Illi
1210 855 1323 900 enim
1347 891 1359 911 ‚
1391 872 1469 917 per

189 946 300 991 quos
322 930 396 975 ista
418 946 604 992 corpora
635 929 902 983 efficiuntur,
923 927 1016 972 iure
1037 943 1110 973 aut
1132 926 1282 972 officio
1304 927 1467 973 cohae-

188 1017 311 1058 rent,
342 1020 491 1048 natura
514 1002 676 1047 diduffi
697 1015 739 1046 et
771 998 921 1060 fingffli
953 999 1061 1045 sum.
1081 999 1202 1056 Quid
1230 998 1318 1053 est,
1346 999 1469 1061 quod

189 1075 317 1121 eriam
347 1090 461 1119 nunc
491 1074 741 1133 praedicere
769 1070 928 1115 velim?
952 1070 1130 1114 Nullum
1152 1070 1317 1114 bonum
1337 1082 1468 1130 puta-

192 1165 286 1194 mus
314 1148 392 1194 effe
410 1184 422 1203 ‚
444 1149 563 1205 qued
586 1164 635 1191 ex
658 1144 909 1191 d³stam2bus
930 1143 1108 1189 constat.
1132 1158 1221 1188 uno
1246 1141 1362 1188 enim
1383 1141 1469 1202 sp}-

189 1221 274 1266 rim
312 1237 446 1265 unum
487 1220 653 1264 bonum
689 1215 903 1263 contineri
941 1233 989 1262 ac
1019 1215 1107 1278 regi
1136 1215 1293 1270 debet,
1330 1229 1468 1259 unum

190 1293 273 1339 effe
301 1292 425 1338 unius
456 1292 559 1336 boni
592 1290 843 1353 principale.
868 1290 968 1334 Hoc
991 1288 1021 1333 fi
1045 1288 1223 1350 quando
1253 1285 1468 1332 desidere.-

190 1364 333 1419 veris,
370 1381 444 1424 per
477 1366 516 1410 se
556 1365 763 1425 probatur
796 1381 807 1408 ε
845 1362 1017 1408 interim
1058 1360 1314 1424 ponendum
1352 1357 1467 1412 fuit,

191 1452 280 1499 quo
305 1435 447 1481 nostra
473 1435 555 1480 tela
584 1436 756 1481 nitatur.
785 1434 972 1491 Dicitis,
999 1433 1171 1496 inquit,
1199 1433 1363 1479 nullum
1383 1433 1469 1478 bo-

191 1525 294 1554 num
327 1525 382 1553 ex
417 1506 668 1553 distantibus
700 1506 819 1553 effe:
852 1507 1036 1552 Claritas
1063 1519 1204 1553 autem
1244 1504 1351 1558 ista,
1384 1505 1468 1550 bo-

192 1599 348 1627 norum
372 1581 570 1627 virorum
598 1580 779 1626 secunda
815 1579 971 1642 opinio
992 1579 1066 1625 est.
1094 1581 1207 1624 Nam
1235 1579 1470 1639 quomodo

192 1653 304 1698 fama
327 1669 414 1697 non
445 1652 504 1697 est
529 1651 654 1697 unius
679 1650 852 1705 sermo,
887 1668 966 1696 nec
997 1650 1175 1696 infamia
1204 1650 1333 1697 unius
1360 1651 1472 1695 mala

192 1725 477 1770 existimatio:
494 1724 550 1770 fic
567 1740 644 1770 nec
663 1723 830 1768 claritas
845 1758 856 1777 ,
873 1721 949 1767 uni
970 1722 1093 1768 bono
1112 1722 1328 1784 placuifl'e.
1342 1723 1470 1768 Con-

193 1795 349 1842 sentire
373 1796 417 1841 in
442 1797 529 1842 hoc
557 1796 700 1857 plures
720 1795 905 1857 insignes
932 1811 976 1842 et
1008 1795 1267 1856 praestantes
1285 1795 1371 1842 viri
1392 1797 1470 1841 de-

193 1869 295 1914 bent
314 1901 327 1922 ‚
349 1882 396 1914 ut
415 1868 581 1915 claritas
611 1868 672 1913 snt.
697 1869 816 1913 Haec
835 1879 977 1912 autem
1002 1884 1055 1913 ex
1080 1867 1253 1913 iudiciis
1279 1867 1470 1930 plurium

191 1942 405 1998 efficitur,
442 1941 485 1987 id
511 1940 597 1995 est,
632 1940 894 1986 distantium.
926 1957 1035 2003 ergo
1072 1956 1160 1985 non
1195 1939 1255 1985 est
1289 1939 1470 1985 bonum.

193 2014 376 2062 Claritas
392 2050 406 2071 ‚
439 2010 606 2074 inquit,
633 2015 722 2059 laus
742 2014 801 2058 est
832 2032 852 2058 a
874 2014 1000 2059 bonis
1029 2015 1150 2059 bono
1167 2012 1359 2058 reddita:
1379 2012 1472 2058 laus

195 2088 340 2134 oratio
361 2105 371 2133 z
394 2087 539 2133 oratio
567 2103 657 2132 vox
678 2086 737 2131 est
753 2122 764 2141 ‚
785 2085 950 2148 aliquid
982 2084 1220 2148 fignificans
1239 2102 1250 2130 :
1279 2102 1370 2130 vox
1394 2101 1471 2130 au-

193 2174 311 2217 tem,
342 2160 442 2206 licet
472 2159 667 2205 virorum
698 2158 747 2204 fit
779 2160 1031 2214 bonorum,
1068 2159 1235 2203 bonum
1269 2173 1360 2202 non
1395 2155 1470 2204 est

194 2234 352 2296 Neque
379 2233 495 2279 enim
524 2232 738 2294 quidquid
766 2232 835 2276 vir
861 2232 1002 2277 bonus
1031 2230 1160 2285 facit,
1204 2231 1369 2276 bonum
1395 2229 1471 2276 est.

196 2324 293 2354 nam
322 2319 364 2351 et
379 2305 563 2366 plaudit,
580 2317 622 2350 et
643 2304 802 2349 fibilatz
824 2304 894 2349 sed
910 2320 990 2350 nec
1008 2303 1202 2364 plausum
1223 2301 1469 2364 quisquam,

196 2395 276 2424 nec
304 2377 495 2431 sibilum,
529 2376 630 2422 licet
657 2376 806 2421 omnia
838 2375 930 2422 eius
958 2376 1198 2422 admiretur
1225 2388 1269 2420 et
1299 2375 1470 2432 laudet,

193 2449 363 2497 bonum
383 2449 517 2507 dicit,
544 2465 636 2502 non
662 2448 800 2512 magis
824 2464 955 2511 quam
982 2447 1370 2496 sternutamentum
1399 2462 1470 2494 aut
