1730 2870
379 121 642 169 NATUR.
687 119 991 180 QUAEST.
1039 117 1161 166 LIB.
1197 119 1256 164 V.
1374 131 1459 180 295

185 227 286 276 solis
314 237 508 275 remanet
539 226 719 273 diurnus
744 226 862 274 calor
879 262 892 284 ,
929 236 972 273 et
998 241 1152 288 magna
1176 221 1317 270 noftis
1346 233 1467 284 parte

184 301 419 362 perdurat:
453 297 528 361 qui
557 306 721 345 evocat
742 297 941 345 exeuntia
957 333 970 352 ‚
992 313 1041 342 ac
1061 295 1363 343 vehementius
1381 305 1469 341 tra-

182 375 248 422 hit
265 397 288 432 ‚⁸
303 374 515 438 quidquid
541 390 596 420 ex
616 373 681 420 his
707 372 859 436 sponte
887 373 1010 419 reddi
1028 373 1135 419 solet
1157 370 1343 418 :deinde
1373 385 1467 416 non

182 458 350 494 tantum
384 447 512 493 habet
545 446 704 493 virium
724 482 739 503 ‚
769 458 816 492 ut
850 446 972 508 quod
1005 444 1234 502 evocavit,
1259 443 1469 489 absumat.

183 518 258 565 Ob
285 518 372 584 hoc
394 518 552 565 diutius
572 517 831 580 corpuscula
858 525 1057 564 emanare
1076 517 1195 563 solita
1212 553 1226 575 ,
1244 530 1286 563 et
1312 516 1468 568 efflari,

181 602 297 639 terra
315 608 369 639 ex
387 593 428 639 se
450 604 578 656 atque
600 592 760 638 humor
779 591 953 638 emittit.
983 590 1098 637 Facit
1120 603 1267 637 autem
1287 604 1470 637 ventum

181 662 247 710 sol
278 676 426 722 ortus,
460 680 548 710 non
572 663 719 710 calore
747 674 941 720 tantum,
977 662 1047 709 sed
1078 662 1208 709 etiam
1240 663 1338 708 ἱὲἶιι.
1372 663 1470 708 Lux

187 739 305 786 enim
329 740 399 799 (ut
423 736 536 800 dixi)
567 753 677 801 quae
704 736 839 784 solem
869 736 1112 795 antecedit,
1148 736 1344 782 nondum
1370 736 1472 781 aera

182 810 404 865 calefacit,
441 811 513 858 sed
544 809 731 872 percutit
756 821 925 856 tantum
950 827 961 856 ε
995 808 1216 871 percussus
1246 823 1392 854 autem
1424 807 1470 853 in

181 883 290 930 latus
320 882 447 930 cedit.
492 883 761 945 Quanquam
780 897 864 945 ego
883 897 937 927 ne
954 881 1058 926 illud
1081 879 1258 943 quidem
1286 879 1468 926 conces-

182 955 309 1005 serim
329 991 342 1012 ,
373 956 515 1001 lucem
539 954 673 1016 ipsam
697 953 784 1001 fine
811 954 955 1000 calore
980 951 1089 1010 effe,
1109 969 1210 999 cum
1241 968 1296 998 ex
1322 952 1469 998 calore

181 1025 269 1083 fiat.
291 1029 395 1073 Non
414 1026 543 1073 habet
559 1026 734 1075 forsitan
752 1040 918 1073 tantum
939 1024 1129 1088 teporis,
1146 1036 1358 1087 quantum
1373 1024 1470 1070 aestu

183 1110 398 1161 appareat.
433 1100 562 1161 Opus
590 1111 737 1145 tamen
764 1099 884 1145 suum
906 1097 1040 1153 facit,
1071 1111 1114 1143 et
1141 1096 1268 1158 densa
1301 1096 1470 1142 diducit

182 1187 233 1217 ac
248 1183 405 1217 tenuat.
436 1172 660 1218 Praeterea
688 1172 812 1227 loca,
845 1187 956 1234 quae
977 1170 1118 1233 aliqua
1139 1169 1369 1232 iniquitate
1390 1185 1469 1214 na-

181 1253 304 1288 turae
322 1241 379 1287 ita
409 1242 549 1288 clausa
568 1242 690 1300 sunt,
716 1254 764 1288 ut
789 1243 922 1288 solem
944 1243 1140 1304 accipere
1164 1259 1254 1288 non
1284 1242 1470 1303 poflint,

178 1312 250 1359 illa
270 1329 449 1376 quoque
467 1313 611 1360 nubila
629 1325 670 1359 et
689 1313 796 1359 tristi
817 1314 915 1360 luce
933 1312 1138 1360 calefiunt
1153 1349 1167 1372 ‚
1191 1326 1235 1360 et
1254 1331 1331 1377 per
1348 1314 1467 1360 diem

179 1385 326 1431 minus
345 1401 477 1448 quam
497 1385 698 1432 noCtibus
719 1385 875 1451 rigent.
906 1386 1153 1433 Etiamnum
1174 1399 1326 1434 natura
1345 1387 1468 1434 calor

179 1456 326 1504 omnis
345 1455 478 1519 abigit
498 1457 696 1514 nebulas,
728 1471 771 1504 et
798 1475 821 1503 a
851 1458 893 1503 se
913 1458 1091 1520 repellit.
1120 1461 1237 1522 Erg'o
1264 1459 1326 1505 sol
1348 1475 1467 1522 quo-

178 1546 266 1592 que
284 1528 401 1576 idem
420 1527 540 1578 facit.
556 1532 610 1576 Et
626 1530 731 1577 ideo
758 1531 1015 1594 quibusdam
1036 1531 1215 1578 videtur
1229 1567 1243 1589 ,
1262 1531 1364 1577 inde
1384 1531 1467 1579 fla·-

178 1619 248 1652 tus
266 1604 378 1663 effe,
410 1605 527 1652 unde
547 1604 623 1652 sol.
656 1605 758 1652 Hoc
790 1605 940 1651 falsum
970 1604 1055 1652 effe
1078 1623 1133 1653 ex
1168 1622 1225 1652 eo
1253 1618 1466 1668 apparet,

178 1676 302 1738 quod
324 1692 426 1723 aura
445 1675 491 1721 in
520 1691 700 1724 omnem
722 1687 887 1738 partem
915 1677 1063 1734 vehit,
1085 1689 1127 1724 et
1147 1690 1299 1725 contra
1319 1692 1467 1724 ortum

179 1747 317 1810 plenis
343 1748 453 1797 velis
480 1748 721 1810 navigatur.
759 1749 899 1809 Quod
927 1765 1018 1796 non
1040 1750 1266 1811 eveniret,
1294 1750 1326 1797 fi
1351 1751 1467 1798 sem-

175 1837 257 1884 per
285 1834 443 1867 ventus
469 1819 659 1867 ferretur
686 1836 711 1867 a
735 1819 839 1868 sole.

244 1895 306 1942 X.
328 1895 490 1942 Etefiae
510 1910 691 1958 quoque
708 1929 723 1952 ‚
751 1893 826 1958 qui
853 1893 898 1940 in
918 1907 1223 1958 argumentum
1242 1912 1265 1942 a
1287 1895 1466 1958 quibus-

177 1966 278 2013 dam
305 1967 608 2024 advocantur,
648 1982 740 2012 non
772 1966 902 2013 nimis
928 1967 1205 2030 propositum
1238 1968 1466 2016 adiuvant.

178 2040 342 2088 Dicam
361 2039 551 2100 primum
565 2039 673 2102 quid
693 2037 776 2085 illis
793 2038 987 2101 placeat:
1015 2039 1173 2087 deinde
1188 2077 1202 2097 ‚
1225 2057 1302 2087 cur
1321 2040 1469 2103 displi-

179 2123 272 2157 ceat
295 2110 415 2158 mibi.
451 2111 637 2170 Etefiae,
665 2111 898 2174 inquiunt,
924 2111 1068 2159 hieme
1095 2128 1186 2159 non
1217 2112 1312 2159 sunt
1334 2112 1466 2175 :quia

117 2197 121 2202 “
182 2184 443 2232 breviffimis
462 2185 612 2232 diebus
639 2184 702 2230 sol
721 2184 876 2231 definit
892 2220 904 2240 ‚
922 2185 1168 2248 priusquam
1189 2184 1324 2250 frigus
1343 2187 1471 2233 evin-

183 2269 320 2304 catur.
354 2259 504 2319 ltaque
527 2257 650 2304 nives
666 2269 709 2304 et
729 2271 954 2320 ponuntur
984 2270 1027 2304 et
1045 2259 1268 2304 durantur.
1297 2259 1470 2306 Aestate

178 2327 393 2390 incipiunt
423 2328 553 2386 flare,
587 2346 687 2376 cum
715 2341 757 2375 et
793 2329 968 2392 longius
999 2331 1249 2376 extenditur
1275 2331 1392 2390 dies,
1423 2343 1468 2380 et

180 2402 285 2451 reffl
315 2403 361 2451 in
391 2420 473 2453 nos
498 2403 609 2452 radii
638 2403 897 2468 diriguntur.
926 2403 1036 2452 Veri
1069 2419 1178 2465 ergo
1211 2402 1347 2454 simile
1374 2404 1437 2453 est
1448 2439 1466 2467 ‚
