1730 2870
391 109 651 158 NATUR.
696 109 993 168 QUAEST.
1042 110 1161 154 Ltss.
1200 111 1227 154 1.
1358 126 1439 174 155

162 214 284 260 illum
305 213 454 267 divina
480 215 713 262 delectant:
735 230 815 260 nec
836 227 884 260 ut
907 215 1058 261 alienis
1075 215 1248 262 interest
1265 251 1278 273 ,
1311 217 1384 261 sed
1401 229 1449 262 ut

164 282 258 334 suis.
290 289 446 334 Secure
480 287 638 349 spectat
663 288 841 334 occasus
861 287 1044 334 siderum
1074 300 1204 351 atque
1224 299 1345 335 ortus
1361 323 1374 344 ‚
1403 302 1448 335 et

163 370 251 405 tam
269 358 454 418 diversas
466 359 833 406 concordantium
855 358 962 405 vias.
987 358 1203 405 Observat
1221 359 1294 405 ubi
1315 376 1448 422 quae-

166 446 252 493 que
272 429 389 476 stella
413 431 601 493 primum
624 431 746 477 terris
771 431 914 477 lumen
934 429 1158 486 ostendat,
1179 432 1254 478 ubi
1273 433 1446 478 culmen

165 503 257 549 eius
275 502 490 549 summum
508 540 521 561 ‚
556 521 640 566 qua
665 505 812 550 cursus
842 503 890 550 fit
906 535 920 559 ‚
955 504 1184 567 quousque
1206 505 1446 552 descendat.

165 576 380 631 Curiosus
405 576 620 638 spectator
639 577 802 624 excutit
827 575 1011 639 singula,
1039 592 1081 623 et
1101 579 1280 639 quaerit.
1305 578 1446 637 Quid-

161 648 206 694 ni
223 664 403 711 quaerat
433 649 449 696 ἓ
470 651 560 696 Scit
579 650 647 696 illa
668 650 720 695 ad
746 650 786 696 se
812 650 1037 712 pertinere.
1056 651 1184 696 Tunc
1203 651 1448 698 contemnit

163 721 377 769 domicilii
405 722 563 784 prioris
584 722 805 784 angustias.
829 724 1055 782 Quantum
1080 723 1196 768 enim
1218 722 1277 768 est
1293 758 1305 777 ,
1324 723 1448 786 quod

163 792 217 838 ab
235 792 398 840 ultimis
422 793 625 840 litoribus
655 794 885 855 Hispaniae
905 794 1038 855 usque
1068 795 1121 839 ad
1148 795 1278 841 Indos
1303 795 1447 841 iacet?

155 866 527 921 ⁴Pauciffimorum
552 868 718 914 dierum
741 868 920 929 spatium
936 903 948 923 ‚
976 867 1004 912 fi
1030 884 1185 914 navem
1217 868 1314 914 suus
1336 885 1448 915 ven-

166 949 234 984 tus
264 938 480 1002 implevit.
511 943 567 987 At
595 940 665 985 illa
689 940 813 1002 regio
840 939 1032 986 coelestis
1058 957 1133 1002 per
1164 940 1337 1003 triginta
1370 957 1452 986 an·

164 1028 248 1057 nos
265 1047 277 1069 ,
312 1012 588 1059 velocissimo
610 1012 734 1057 sideri
759 1013 876 1058 viam
900 1013 1085 1074 praestat
1101 1047 1115 1070 ,
1148 1014 1357 1075 nusquam
1380 1031 1451 1060 re-

165 1084 349 1142 fistenti‚
377 1084 448 1130 fed
467 1086 702 1148 aequaliter
721 1085 823 1132 cito.
845 1086 936 1131 Illic
958 1087 1136 1132 demum
1158 1086 1305 1142 discit,
1327 1089 1450 1150 quod

166 1157 242 1203 diu
277 1157 487 1219 quaesivit
519 1176 529 1203 ε
566 1157 654 1204 illic
687 1156 839 1219 incipit
878 1159 1025 1204 Deum
1062 1158 1198 1204 nosse.
1234 1159 1356 1217 Quid
1391 1158 1451 1204 est

167 1229 327 1276 Deus?
357 1232 486 1275 Mens
508 1229 710 1276 universi.
738 1228 860 1288 Quid
880 1229 940 1275 est
962 1230 1118 1276 Deus?
1156 1231 1292 1289 Quod
1325 1230 1451 1277 vides

165 1313 338 1359 totum,
368 1315 412 1348 et
438 1302 559 1363 quod
582 1319 671 1347 non
699 1301 819 1348 vides
846 1315 1004 1348 totum.
1033 1303 1103 1349 Sic
1131 1303 1306 1349 demum
1327 1320 1451 1365 mag·-

166 1374 324 1421 nitudo
350 1374 423 1422 sua
453 1375 511 1420 illi
542 1375 766 1431 redditur,
801 1392 885 1438 qua
915 1375 1020 1422 nihil
1050 1376 1188 1422 maius
1212 1375 1450 1439 excogitari

168 1447 310 1510 potest
325 1482 338 1504 ‚
366 1447 394 1492 fi
415 1447 529 1493 solus
549 1447 607 1493 est
627 1448 776 1494 omnia
791 1483 802 1504 ,
830 1465 943 1511 opus
972 1448 1093 1494 suum
1117 1459 1158 1493 et
1177 1460 1297 1495 extra
1318 1463 1358 1493 et
1378 1447 1448 1492 in-

168 1533 235 1567 tra
255 1532 387 1567 tenet.
416 1521 539 1580 Quid
569 1537 675 1584 ergo
702 1521 874 1569 interest
894 1521 1006 1567 inter
1034 1533 1230 1568 naturam
1253 1521 1372 1578 Dei,
1410 1531 1453 1567 et

168 1593 391 1640 nostram?
431 1593 583 1640 Nostri
614 1594 771 1640 melior
800 1611 922 1656 pars,
950 1595 1119 1640 animus
1152 1593 1244 1640 est:
1272 1594 1315 1639 in
1344 1593 1451 1652 illo,

167 1666 282 1712 nulla
310 1682 408 1728 pars
425 1679 545 1713 extra
577 1666 788 1712 animum.
810 1681 930 1713 totus
950 1667 1063 1713 ratio
1083 1666 1156 1715 est.
1187 1668 1304 1713 Cum
1337 1665 1453 1712 inte-

168 1738 253 1785 rim
271 1752 416 1786 tantus
435 1756 559 1786 error
579 1739 781 1786 mortalia
800 1751 942 1785 teneat
957 1776 971 1795 ‚
990 1753 1038 1786 ut
1057 1739 1148 1785 hoc
1163 1773 1176 1794 ,
1198 1755 1291 1801 quo
1311 1755 1453 1800 neque

169 1811 409 1859 formosius
427 1812 487 1859 est
504 1811 742 1874 quidquam
755 1844 769 1866 ‚
798 1828 879 1858 nec
898 1812 1165 1873 dispositius,
1184 1829 1263 1858 nec
1284 1812 1329 1857 in
1347 1829 1454 1874 pro-

169 1885 313 1949 pofito
341 1885 604 1932 constantius
620 1917 634 1940 ,
652 1885 899 1932 existiment
927 1885 1127 1932 homines
1154 1884 1388 1932 fortuitum
1409 1903 1453 1933 et

172 1957 272 2005 casu
291 1958 514 2016 volubile,
544 1957 734 2022 ideoque
763 1958 1080 2005 tumultuosum
1108 1958 1222 2004 inter
1239 1956 1421 2003 fulmina
1440 1994 1453 2014 ‚

172 2032 334 2089 nubes,
352 2030 652 2092 tempestates,
680 2046 721 2078 et
739 2047 880 2079 cetera
911 2031 1065 2094 quibus
1092 2042 1230 2077 terrae
1255 2048 1303 2077 ac
1331 2033 1455 2078 terris

173 2104 318 2152 vicina
355 2103 585 2166 pulsantur.
620 2105 717 2151 Nec
747 2104 854 2152 haec
882 2103 996 2152 intra
1029 2102 1206 2165 vulgum
1239 2102 1456 2148 dementia

172 2177 233 2224 est
250 2214 264 2235 ‚
293 2177 546 2238 sapientiam
576 2193 754 2240 quoque
774 2176 987 2242 profestos
1014 2175 1209 2238 contigit.
1242 2176 1349 2221 Sunt
1377 2176 1453 2238 qui

173 2259 353 2310 putent,
380 2247 456 2294 fibi
475 2248 573 2310 ipsis
593 2250 787 2296 animum
817 2249 900 2295 effe
916 2281 931 2304 ‚
952 2261 993 2295 et
1012 2249 1193 2312 quidem
1212 2249 1452 2310 providum

175 2336 226 2366 ac
251 2318 562 2382 dispensantem
590 2319 750 2383 singula
767 2357 782 2378 ,
806 2335 848 2366 et
872 2319 942 2366 sua
958 2356 970 2378 ,
998 2332 1040 2365 et
1063 2319 1198 2365 aliena
1220 2336 1230 2365 ε
1256 2319 1343 2365 hoc
1372 2337 1457 2365 au«

175 2404 264 2443 tem
287 2392 562 2453 universum,
582 2392 628 2447 in
658 2410 751 2458 quo
778 2411 860 2445 nos
891 2410 1070 2459 quoque
1099 2393 1270 2454 sumus,
1299 2410 1454 2456 expers
