1730 2870
257 126 350 184 με
519 126 566 169 L.
620 122 920 169 ANNAEJ
970 124 1315 178 SENECAE

256 229 323 295 pis
359 229 559 276 foramen
588 229 782 286 emittat,
806 229 1041 294 aliquando
1069 244 1199 279 notos
1229 244 1272 279 et
1295 249 1375 296 per
1401 232 1538 280 secula

254 303 424 350 nobiles
453 303 730 365 comprimat.
765 303 890 350 Mille
918 305 1124 352 miracula
1158 318 1337 361 movet,
1364 307 1540 353 faciem-

255 393 342 439 que
379 388 517 421 mutat
544 375 684 433 locis,
703 382 746 423 et
776 376 917 423 defert
951 390 1151 434 montes,
1183 378 1358 442 subrigit
1388 379 1538 441 plana,

256 446 389 492 valles
427 447 680 505 extuberat,
718 464 858 494 novas
884 448 928 494 in
961 449 1188 511 profundo
1216 452 1372 497 insulas
1398 450 1540 513 erigit.

255 520 378 565 Haec
402 536 456 564 ex
477 518 634 582 quibus
655 518 786 566 causis
812 521 1037 577 accidant,
1064 522 1192 585 digna
1217 540 1282 570 res
1300 523 1360 570 est
1382 521 1541 570 excuti.

256 592 417 651 Quod,
436 591 581 655 inquis
595 625 608 648 ‚
627 592 705 639 erit
726 593 916 654 pretium
939 600 1130 657 operae?
1150 612 1240 658 quo
1260 596 1428 642 nullum
1452 612 1543 641 ma-

255 663 321 711 ius
348 662 437 722 est,
464 664 586 712 noffe
618 676 831 712 naturam.
865 666 1022 729 Neque
1048 666 1163 713 enim
1194 667 1433 730 quidquam
1462 668 1539 712 ha·-

254 735 329 781 bet
362 736 406 780 in
440 734 482 782 se
507 736 637 784 huius
667 737 875 784 materiae
911 738 1113 785 traEiatio
1145 739 1398 801 pulchrius,
1438 756 1540 786 cum

254 808 391 854 multa
410 808 564 855 habeat
586 809 727 856 futura
746 810 866 865 usui,
886 827 1016 874 quam
1041 814 1164 877 quod
1188 813 1413 860 hominem
1434 830 1543 877 mag-

257 879 476 927 nificentia
508 881 568 926 sui
602 882 797 939 detinet3
837 901 919 933 nec
958 886 1189 942 mercede,
1220 886 1291 933 sed
1334 886 1545 933 miraculo

255 955 425 1001 colitur.
457 955 735 1018 Inspiciamus
764 974 871 1021 ergo
897 958 1002 1022 quid
1021 959 1096 1016 sit,
1117 973 1298 1022 propter
1321 960 1442 1023 quod
1472 978 1543 1007 ac-

257 1027 404 1074 cidant
434 1029 539 1076 haec
561 1046 572 1075 ε
599 1046 791 1092 quorum
813 1031 874 1078 est
899 1033 1011 1079 adeo
1039 1033 1145 1078 mihi
1172 1033 1308 1079 dulcis
1335 1032 1546 1094 inspefia-

256 1102 324 1147 tio
346 1136 359 1157 ,
392 1112 438 1147 ut
472 1102 675 1166 quamvis
707 1104 940 1168 aliquando
972 1106 1026 1152 de
1060 1118 1184 1153 motu
1213 1118 1426 1152 terrarum
1461 1122 1545 1152 vo-

254 1174 403 1221 lumen
433 1175 607 1224 iuvenis
636 1177 877 1237 ediderim,
913 1191 1057 1226 tamen
1091 1191 1256 1226 tentare
1288 1195 1359 1225 me
1390 1178 1543 1226 volue-

258 1248 341 1294 rim
361 1284 374 1306 ,
392 1264 434 1295 et
454 1251 641 1312 experiri
659 1289 671 1309 ,
690 1269 742 1298 an
764 1265 876 1301 aetas
904 1254 1065 1318 aliquid
1092 1255 1217 1300 nobis
1238 1268 1314 1301 aut
1332 1254 1385 1300 ad
1408 1253 1544 1300 scien·

260 1323 362 1369 tiam
380 1357 394 1380 ‚
425 1340 498 1371 aut
518 1342 634 1372 certe
655 1328 707 1373 ad
739 1328 1010 1390 diligentiam
1045 1328 1261 1375 adiecerit.

326 1400 382 1442 V.
425 1397 609 1444 Causam
633 1436 646 1456 ,
676 1417 764 1462 qua
793 1414 904 1446 terra
936 1402 1189 1447 concuiitur
1210 1437 1223 1459 ‚
1250 1400 1318 1446 alii
1355 1398 1400 1447 in
1433 1416 1545 1463 aqua

258 1469 369 1528 effe,
399 1470 471 1516 alii
490 1471 534 1516 in
557 1472 756 1534 ignibus,
787 1473 858 1519 alii
888 1473 933 1518 in
956 1473 1041 1535 ipsa
1068 1488 1210 1529 terra,
1231 1474 1301 1518 alii
1328 1472 1373 1518 in
1400 1471 1546 1533 spiritu

258 1554 471 1604 putavere
493 1560 502 1588 :
532 1542 603 1588 alii
628 1543 672 1589 in
698 1544 893 1607 pluribus
907 1580 920 1602 ‚
941 1545 1009 1590 alii
1030 1545 1074 1590 in
1094 1545 1302 1591 omnibus
1321 1544 1398 1591 his.
1432 1543 1548 1604 Qui-

257 1616 357 1662 dam
383 1615 548 1677 liquere
579 1617 679 1680 ipsis
710 1618 900 1681 aliquam
930 1635 982 1664 ex
1008 1617 1094 1665 istis
1121 1619 1289 1665 causam
1320 1619 1403 1664 effe
1425 1618 1544 1665 dixe·

259 1699 388 1744 runt3
413 1688 485 1734 sed
506 1706 594 1735 non
615 1690 809 1753 liquere,
837 1707 949 1754 quae
968 1690 1082 1737 effer.
1110 1691 1242 1739 Nunc
1268 1692 1429 1757 fingula
1449 1709 1547 1754 per-

259 1761 502 1824 sequamur.
536 1763 643 1810 Illud
662 1776 760 1811 ante
778 1764 927 1811 omnia
946 1764 1053 1811 mihi
1073 1765 1306 1811 dicendum
1329 1765 1413 1822 est,
1448 1766 1543 1829 opi-

262 1835 419 1883 niones
447 1848 617 1885 veteres
648 1855 804 1901 parum
837 1839 1009 1885 exaaas
1034 1837 1121 1886 effe
1139 1874 1152 1896 ,
1179 1850 1221 1885 et
1247 1840 1387 1887 rudes.
1418 1840 1546 1887 Circa

262 1925 418 1955 verum
448 1909 589 1958 adhuc
619 1906 858 1958 errabatur.
904 1912 1038 1959 Nova
1072 1911 1219 1957 omnia
1249 1925 1371 1959 erant
1402 1912 1548 1973 primo

260 1982 550 2040 tentantibUS,
583 1983 680 2045 post
713 1985 867 2031 eadem
891 1984 960 2031 illa
987 1984 1131 2031 limata
1156 1985 1251 2031 sunt
1273 2002 1284 2030 ε
1316 1999 1359 2031 et
1385 1984 1415 2029 si
1444 1984 1549 2048 quid

264 2056 493 2104 inventum
523 2056 585 2104 est
604 2091 617 2114 ,
639 2058 722 2105 illis
746 2059 1032 2107 nihilominus
1057 2059 1211 2106 referri
1238 2061 1368 2107 debet
1392 2077 1547 2123 accep·

260 2142 372 2176 tum.
426 2132 573 2195 Magni
608 2131 742 2178 animi
771 2148 839 2180 res
875 2132 987 2192 suit,
1031 2149 1174 2179 rerum
1221 2148 1400 2179 naturae
1437 2134 1547 2179 late·

260 2205 360 2251 bras
388 2204 620 2252 dimovere
640 2241 653 2262 ,
676 2221 756 2254 nec
783 2218 1043 2253 contentum
1078 2206 1289 2254 exteriori
1317 2207 1407 2254 eius
1437 2223 1547 2253 con-

261 2277 435 2339 spe&u,
458 2277 774 2341 introspicere,
811 2289 855 2325 et
886 2277 929 2324 in
958 2279 1146 2326 deorum
1178 2278 1340 2326 secreta
1372 2279 1550 2325 descen-

266 2350 384 2396 dere·
423 2349 667 2396 Plurimum
696 2350 750 2396 ad
776 2349 1088 2397 inveniendum
1112 2350 1297 2398 contulit
1313 2383 1326 2408 ,
1352 2349 1427 2414 qui
1453 2349 1548 2411 spe-

260 2423 374 2472 ravit
394 2423 516 2488 posse
541 2423 738 2488 reperiri.
773 2425 890 2472 Cum
917 2425 1197 2473 excusatione
1217 2424 1360 2489 itaque
1382 2437 1549 2473 veteres
