<?xml version="1.0" encoding="UTF-8"?>
<!DOCTYPE html PUBLIC "-//W3C//DTD XHTML 1.0 Transitional//EN"
    "http://www.w3.org/TR/xhtml1/DTD/xhtml1-transitional.dtd">
<html xmlns="http://www.w3.org/1999/xhtml" xml:lang="en" lang="en">
 <head>
  <title>
</title>
<meta http-equiv="Content-Type" content="text/html;charset=utf-8" />
  <meta name='ocr-system' content='tesseract 3.04.00' />
  <meta name='ocr-capabilities' content='ocr_page ocr_carea ocr_par ocr_line ocrx_word'/>
</head>
<body>
  <div class='ocr_page' id='page_1' title='image "./lannaeisenecaeph04seneuoft_0255.png"; bbox 0 0 1730 2870; ppageno 0'>
   <div class='ocr_carea' id='block_1_1' title="bbox 317 132 1431 199">
    <p class='ocr_par' dir='ltr' id='par_1_1' title="bbox 317 132 1431 199">
     <span class='ocr_line' id='line_1_1' title="bbox 317 132 1431 199; baseline -0.008 -10"><span class='ocrx_word' id='word_1_1' title='bbox 317 141 604 188; x_wconf 78' lang='lat' dir='ltr'>NATUR.</span> <span class='ocrx_word' id='word_1_2' title='bbox 651 137 979 199; x_wconf 82' lang='lat' dir='ltr'><strong>QUAEST.</strong></span> <span class='ocrx_word' id='word_1_3' title='bbox 1029 132 1152 184; x_wconf 67' lang='grc' dir='ltr'>ΜΒ.</span> <span class='ocrx_word' id='word_1_4' title='bbox 1198 136 1269 194; x_wconf 78' lang='lat'>111,</span> <span class='ocrx_word' id='word_1_5' title='bbox 1337 151 1431 199; x_wconf 78' lang='lat'>249</span> 
     </span>
    </p>
   </div>
   <div class='ocr_carea' id='block_1_2' title="bbox 154 242 1441 2490">
    <p class='ocr_par' dir='ltr' id='par_1_2' title="bbox 161 242 1434 451">
     <span class='ocr_line' id='line_1_2' title="bbox 161 242 1433 307; baseline -0.007 -14"><span class='ocrx_word' id='word_1_6' title='bbox 161 244 377 294; x_wconf 87' lang='lat' dir='ltr'>testantur.</span> <span class='ocrx_word' id='word_1_7' title='bbox 405 245 608 292; x_wconf 87' lang='lat' dir='ltr'>Reddunt</span> <span class='ocrx_word' id='word_1_8' title='bbox 627 245 742 290; x_wconf 86' lang='lat' dir='ltr'>enim</span> <span class='ocrx_word' id='word_1_9' title='bbox 765 244 1014 307; x_wconf 83' lang='lat' dir='ltr'>qualitatem</span> <span class='ocrx_word' id='word_1_10' title='bbox 1034 243 1128 289; x_wconf 88' lang='lat' dir='ltr'>eius</span> <span class='ocrx_word' id='word_1_11' title='bbox 1145 276 1158 299; x_wconf 93' lang='lat'><strong><em>‚</em></strong></span> <span class='ocrx_word' id='word_1_12' title='bbox 1185 257 1271 304; x_wconf 84' lang='lat' dir='ltr'>qua</span> <span class='ocrx_word' id='word_1_13' title='bbox 1288 242 1433 287; x_wconf 86' lang='lat' dir='ltr'>calue-</span> 
     </span>
     <span class='ocr_line' id='line_1_3' title="bbox 161 313 1434 377; baseline -0.006 -12"><span class='ocrx_word' id='word_1_14' title='bbox 161 331 280 376; x_wconf 86' lang='lat' dir='ltr'><strong>runt,</strong></span> <span class='ocrx_word' id='word_1_15' title='bbox 301 318 515 364; x_wconf 86' lang='lat' dir='ltr'>materiae.</span> <span class='ocrx_word' id='word_1_16' title='bbox 532 318 668 377; x_wconf 84' lang='lat' dir='ltr'>Quod</span> <span class='ocrx_word' id='word_1_17' title='bbox 692 335 747 364; x_wconf 87' lang='lat' dir='ltr'>ne</span> <span class='ocrx_word' id='word_1_18' title='bbox 766 317 961 364; x_wconf 81' lang='lat' dir='ltr'>accidere</span> <span class='ocrx_word' id='word_1_19' title='bbox 981 315 1172 374; x_wconf 85' lang='lat' dir='ltr'>mireris,</span> <span class='ocrx_word' id='word_1_20' title='bbox 1192 314 1323 363; x_wconf 86' lang='lat' dir='ltr'>vivae</span> <span class='ocrx_word' id='word_1_21' title='bbox 1341 313 1434 360; x_wconf 88' lang='lat' dir='ltr'>cal-</span> 
     </span>
     <span class='ocr_line' id='line_1_4' title="bbox 161 387 825 451; baseline 0 -15"><span class='ocrx_word' id='word_1_22' title='bbox 161 389 201 436; x_wconf 89' lang='lat' dir='ltr'>ci</span> <span class='ocrx_word' id='word_1_23' title='bbox 220 405 371 451; x_wconf 88' lang='lat' dir='ltr'>aquam</span> <span class='ocrx_word' id='word_1_24' title='bbox 392 387 570 434; x_wconf 85' lang='lat' dir='ltr'>infunde</span> <span class='ocrx_word' id='word_1_25' title='bbox 584 424 596 445; x_wconf 91' lang='lat'>‚</span> <span class='ocrx_word' id='word_1_26' title='bbox 622 388 825 436; x_wconf 81' lang='lat' dir='ltr'><strong>fervebit.</strong></span> 
     </span>
    </p>

    <p class='ocr_par' dir='ltr' id='par_1_3' title="bbox 154 460 1441 2490">
     <span class='ocr_line' id='line_1_5' title="bbox 221 460 1434 523; baseline 0 -16"><span class='ocrx_word' id='word_1_27' title='bbox 221 463 369 508; x_wconf 87' lang='lat' dir='ltr'><strong>XXV.</strong></span> <span class='ocrx_word' id='word_1_28' title='bbox 391 462 616 521; x_wconf 80' lang='lat' dir='ltr'>Quaedam</span> <span class='ocrx_word' id='word_1_29' title='bbox 632 478 769 523; x_wconf 86' lang='lat' dir='ltr'>aquae</span> <span class='ocrx_word' id='word_1_30' title='bbox 784 460 1033 508; x_wconf 82' lang='lat' dir='ltr'>mortiferae</span> <span class='ocrx_word' id='word_1_31' title='bbox 1054 460 1175 517; x_wconf 89' lang='lat' dir='ltr'>sunt,</span> <span class='ocrx_word' id='word_1_32' title='bbox 1196 475 1276 506; x_wconf 89' lang='lat' dir='ltr'>nec</span> <span class='ocrx_word' id='word_1_33' title='bbox 1292 460 1434 507; x_wconf 87' lang='lat' dir='ltr'>odore</span> 
     </span>
     <span class='ocr_line' id='line_1_6' title="bbox 160 535 1434 598; baseline -0.002 -17"><span class='ocrx_word' id='word_1_34' title='bbox 160 535 368 584; x_wconf 80' lang='lat' dir='ltr'>notabiles</span> <span class='ocrx_word' id='word_1_35' title='bbox 388 571 400 591; x_wconf 90' lang='lat'>‚</span> <span class='ocrx_word' id='word_1_36' title='bbox 439 552 517 581; x_wconf 86' lang='lat' dir='ltr'>nec</span> <span class='ocrx_word' id='word_1_37' title='bbox 548 536 712 598; x_wconf 83' lang='lat' dir='ltr'>sapore.</span> <span class='ocrx_word' id='word_1_38' title='bbox 750 535 881 581; x_wconf 84' lang='lat' dir='ltr'>Circa</span> <span class='ocrx_word' id='word_1_39' title='bbox 913 536 1137 581; x_wconf 89' lang='lat' dir='ltr'>Nonacrin</span> <span class='ocrx_word' id='word_1_40' title='bbox 1170 535 1215 580; x_wconf 89' lang='lat' dir='ltr'>in</span> <span class='ocrx_word' id='word_1_41' title='bbox 1252 535 1434 581; x_wconf 86' lang='lat' dir='ltr'>Arcadia</span> 
     </span>
     <span class='ocr_line' id='line_1_7' title="bbox 159 604 1434 669; baseline -0.001 -17"><span class='ocrx_word' id='word_1_42' title='bbox 159 608 267 669; x_wconf 81' lang='lat' dir='ltr'>Styx</span> <span class='ocrx_word' id='word_1_43' title='bbox 296 606 506 669; x_wconf 79' lang='lat' dir='ltr'>appellata</span> <span class='ocrx_word' id='word_1_44' title='bbox 536 607 589 652; x_wconf 87' lang='lat' dir='ltr'>ab</span> <span class='ocrx_word' id='word_1_45' title='bbox 618 606 798 662; x_wconf 85' lang='lat' dir='ltr'>incolis,</span> <span class='ocrx_word' id='word_1_46' title='bbox 827 605 1014 652; x_wconf 87' lang='lat' dir='ltr'>advenas</span> <span class='ocrx_word' id='word_1_47' title='bbox 1042 604 1178 651; x_wconf 85' lang='lat' dir='ltr'>fallit:</span> <span class='ocrx_word' id='word_1_48' title='bbox 1210 605 1310 668; x_wconf 88' lang='lat' dir='ltr'>quia</span> <span class='ocrx_word' id='word_1_49' title='bbox 1341 622 1434 651; x_wconf 87' lang='lat' dir='ltr'>non</span> 
     </span>
     <span class='ocr_line' id='line_1_8' title="bbox 158 678 1435 742; baseline 0 -18"><span class='ocrx_word' id='word_1_50' title='bbox 158 680 294 737; x_wconf 82' lang='lat' dir='ltr'>facie,</span> <span class='ocrx_word' id='word_1_51' title='bbox 325 697 415 726; x_wconf 87' lang='lat' dir='ltr'>non</span> <span class='ocrx_word' id='word_1_52' title='bbox 445 682 584 726; x_wconf 84' lang='lat' dir='ltr'>odore</span> <span class='ocrx_word' id='word_1_53' title='bbox 615 679 805 741; x_wconf 71' lang='lat' dir='ltr'>suspe&amp;a</span> <span class='ocrx_word' id='word_1_54' title='bbox 831 680 891 726; x_wconf 83' lang='lat' dir='ltr'>est</span> <span class='ocrx_word' id='word_1_55' title='bbox 921 696 932 724; x_wconf 93' lang='lat'><strong>:</strong></span> <span class='ocrx_word' id='word_1_56' title='bbox 963 678 1105 741; x_wconf 84' lang='lat' dir='ltr'>qualia</span> <span class='ocrx_word' id='word_1_57' title='bbox 1129 678 1225 724; x_wconf 88' lang='lat' dir='ltr'>sunt</span> <span class='ocrx_word' id='word_1_58' title='bbox 1246 695 1435 742; x_wconf 85' lang='lat' dir='ltr'>magno-</span> 
     </span>
     <span class='ocr_line' id='line_1_9' title="bbox 158 744 1436 814; baseline -0.001 -17"><span class='ocrx_word' id='word_1_59' title='bbox 158 769 254 797; x_wconf 87' lang='lat' dir='ltr'>rum</span> <span class='ocrx_word' id='word_1_60' title='bbox 282 751 499 798; x_wconf 75' lang='lat' dir='ltr'>artificum</span> <span class='ocrx_word' id='word_1_61' title='bbox 526 769 721 807; x_wconf 88' lang='lat' dir='ltr'>venena,</span> <span class='ocrx_word' id='word_1_62' title='bbox 752 769 861 814; x_wconf 84' lang='lat' dir='ltr'>quae</span> <span class='ocrx_word' id='word_1_63' title='bbox 896 744 1163 812; x_wconf 83' lang='lat' dir='ltr'>deprehendi</span> <span class='ocrx_word' id='word_1_64' title='bbox 1191 750 1264 796; x_wconf 86' lang='lat' dir='ltr'>nifi</span> <span class='ocrx_word' id='word_1_65' title='bbox 1292 763 1436 797; x_wconf 88' lang='lat' dir='ltr'>morte</span> 
     </span>
     <span class='ocr_line' id='line_1_10' title="bbox 159 822 1433 887; baseline -0.001 -19"><span class='ocrx_word' id='word_1_66' title='bbox 159 839 250 870; x_wconf 87' lang='lat' dir='ltr'>non</span> <span class='ocrx_word' id='word_1_67' title='bbox 280 824 469 887; x_wconf 75' lang='lat' dir='ltr'>possunt.</span> <span class='ocrx_word' id='word_1_68' title='bbox 489 825 606 870; x_wconf 88' lang='lat' dir='ltr'>Haec</span> <span class='ocrx_word' id='word_1_69' title='bbox 637 837 780 872; x_wconf 82' lang='lat' dir='ltr'>aurem</span> <span class='ocrx_word' id='word_1_70' title='bbox 797 860 810 881; x_wconf 86' lang='lat'>‚</span> <span class='ocrx_word' id='word_1_71' title='bbox 833 825 887 870; x_wconf 83' lang='lat' dir='ltr'>de</span> <span class='ocrx_word' id='word_1_72' title='bbox 905 840 990 886; x_wconf 83' lang='lat' dir='ltr'>qua</span> <span class='ocrx_word' id='word_1_73' title='bbox 1011 822 1142 885; x_wconf 86' lang='lat' dir='ltr'>paulo</span> <span class='ocrx_word' id='word_1_74' title='bbox 1167 837 1265 868; x_wconf 77' lang='lat' dir='ltr'>ante</span> <span class='ocrx_word' id='word_1_75' title='bbox 1285 823 1433 879; x_wconf 82' lang='lat' dir='ltr'>retuli,</span> 
     </span>
     <span class='ocr_line' id='line_1_11' title="bbox 157 895 1438 959; baseline 0 -18"><span class='ocrx_word' id='word_1_76' title='bbox 157 913 285 957; x_wconf 78' lang='lat' dir='ltr'>aqua,</span> <span class='ocrx_word' id='word_1_77' title='bbox 304 897 468 942; x_wconf 86' lang='lat' dir='ltr'>summa</span> <span class='ocrx_word' id='word_1_78' title='bbox 484 896 700 942; x_wconf 78' lang='lat' dir='ltr'>celeritate</span> <span class='ocrx_word' id='word_1_79' title='bbox 720 897 988 959; x_wconf 79' lang='lat' dir='ltr'>corrumpit:</span> <span class='ocrx_word' id='word_1_80' title='bbox 1003 912 1082 942; x_wconf 83' lang='lat' dir='ltr'>nec</span> <span class='ocrx_word' id='word_1_81' title='bbox 1100 895 1297 941; x_wconf 84' lang='lat' dir='ltr'>remedio</span> <span class='ocrx_word' id='word_1_82' title='bbox 1314 896 1438 941; x_wconf 89' lang='lat' dir='ltr'>locus</span> 
     </span>
     <span class='ocr_line' id='line_1_12' title="bbox 158 967 1436 1030; baseline -0.002 -16"><span class='ocrx_word' id='word_1_83' title='bbox 158 967 247 1022; x_wconf 83' lang='lat' dir='ltr'>est,</span> <span class='ocrx_word' id='word_1_84' title='bbox 271 968 374 1030; x_wconf 85' lang='lat' dir='ltr'>quia</span> <span class='ocrx_word' id='word_1_85' title='bbox 401 968 600 1028; x_wconf 84' lang='lat' dir='ltr'>protinus</span> <span class='ocrx_word' id='word_1_86' title='bbox 627 967 773 1014; x_wconf 76' lang='lat' dir='ltr'>hausta</span> <span class='ocrx_word' id='word_1_87' title='bbox 804 969 1011 1014; x_wconf 81' lang='lat' dir='ltr'>duratur:</span> <span class='ocrx_word' id='word_1_88' title='bbox 1039 984 1120 1014; x_wconf 89' lang='lat' dir='ltr'>nec</span> <span class='ocrx_word' id='word_1_89' title='bbox 1149 968 1273 1014; x_wconf 82' lang='lat' dir='ltr'>aliter</span> <span class='ocrx_word' id='word_1_90' title='bbox 1305 984 1436 1029; x_wconf 86' lang='lat' dir='ltr'>quam</span> 
     </span>
     <span class='ocr_line' id='line_1_13' title="bbox 159 1040 1441 1104; baseline 0.001 -17"><span class='ocrx_word' id='word_1_91' title='bbox 159 1041 346 1104; x_wconf 78' lang='lat' dir='ltr'>gypsum</span> <span class='ocrx_word' id='word_1_92' title='bbox 371 1040 445 1086; x_wconf 84' lang='lat' dir='ltr'>sub</span> <span class='ocrx_word' id='word_1_93' title='bbox 466 1040 652 1087; x_wconf 88' lang='lat' dir='ltr'>humore</span> <span class='ocrx_word' id='word_1_94' title='bbox 672 1041 982 1104; x_wconf 63' lang='lat' dir='ltr'>constringitur</span> <span class='ocrx_word' id='word_1_95' title='bbox 995 1077 1007 1098; x_wconf 92' lang='lat'>‚</span> <span class='ocrx_word' id='word_1_96' title='bbox 1036 1056 1078 1088; x_wconf 87' lang='lat' dir='ltr'>et</span> <span class='ocrx_word' id='word_1_97' title='bbox 1096 1042 1240 1104; x_wconf 82' lang='lat' dir='ltr'>alligat</span> <span class='ocrx_word' id='word_1_98' title='bbox 1260 1042 1441 1089; x_wconf 85' lang='lat' dir='ltr'>viscera.</span> 
     </span>
     <span class='ocr_line' id='line_1_14' title="bbox 159 1114 1438 1176; baseline 0 -17"><span class='ocrx_word' id='word_1_99' title='bbox 159 1114 230 1159; x_wconf 70' lang='lat' dir='ltr'>Est</span> <span class='ocrx_word' id='word_1_100' title='bbox 265 1127 409 1159; x_wconf 87' lang='lat' dir='ltr'>autem</span> <span class='ocrx_word' id='word_1_101' title='bbox 446 1115 579 1160; x_wconf 81' lang='lat' dir='ltr'>noxia</span> <span class='ocrx_word' id='word_1_102' title='bbox 612 1131 723 1175; x_wconf 81' lang='lat' dir='ltr'>aqua</span> <span class='ocrx_word' id='word_1_103' title='bbox 751 1114 796 1159; x_wconf 86' lang='lat' dir='ltr'>in</span> <span class='ocrx_word' id='word_1_104' title='bbox 826 1115 1039 1165; x_wconf 73' lang='lat' dir='ltr'>Thessalia</span> <span class='ocrx_word' id='word_1_105' title='bbox 1076 1115 1188 1161; x_wconf 85' lang='lat' dir='ltr'>circa</span> <span class='ocrx_word' id='word_1_106' title='bbox 1223 1116 1396 1176; x_wconf 87' lang='lat' dir='ltr'>Tempe</span> <span class='ocrx_word' id='word_1_107' title='bbox 1425 1131 1438 1159; x_wconf 77' lang='lat' dir='ltr'>t</span> 
     </span>
     <span class='ocr_line' id='line_1_15' title="bbox 158 1184 1439 1248; baseline 0.002 -17"><span class='ocrx_word' id='word_1_108' title='bbox 158 1203 286 1248; x_wconf 79' lang='lat' dir='ltr'>quam</span> <span class='ocrx_word' id='word_1_109' title='bbox 311 1201 353 1232; x_wconf 85' lang='lat' dir='ltr'>et</span> <span class='ocrx_word' id='word_1_110' title='bbox 375 1184 491 1232; x_wconf 86' lang='lat' dir='ltr'>ferae</span> <span class='ocrx_word' id='word_1_111' title='bbox 509 1200 552 1231; x_wconf 90' lang='lat' dir='ltr'>et</span> <span class='ocrx_word' id='word_1_112' title='bbox 575 1202 706 1247; x_wconf 82' lang='lat' dir='ltr'>pecus</span> <span class='ocrx_word' id='word_1_113' title='bbox 733 1203 866 1232; x_wconf 85' lang='lat' dir='ltr'>omne</span> <span class='ocrx_word' id='word_1_114' title='bbox 897 1187 1092 1233; x_wconf 86' lang='lat' dir='ltr'>devitat:</span> <span class='ocrx_word' id='word_1_115' title='bbox 1112 1203 1189 1248; x_wconf 85' lang='lat' dir='ltr'>per</span> <span class='ocrx_word' id='word_1_116' title='bbox 1211 1187 1373 1232; x_wconf 85' lang='lat' dir='ltr'>ferrum</span> <span class='ocrx_word' id='word_1_117' title='bbox 1394 1203 1439 1234; x_wconf 90' lang='lat' dir='ltr'>et</span> 
     </span>
     <span class='ocr_line' id='line_1_16' title="bbox 159 1257 1437 1317; baseline 0 -13"><span class='ocrx_word' id='word_1_118' title='bbox 159 1274 228 1304; x_wconf 78' lang='lat' dir='ltr'>aes</span> <span class='ocrx_word' id='word_1_119' title='bbox 252 1257 341 1304; x_wconf 83' lang='lat' dir='ltr'>exit</span> <span class='ocrx_word' id='word_1_120' title='bbox 362 1276 373 1304; x_wconf 72' lang='grc' dir='ltr'>ε</span> <span class='ocrx_word' id='word_1_121' title='bbox 403 1270 521 1304; x_wconf 87' lang='lat' dir='ltr'>tanta</span> <span class='ocrx_word' id='word_1_122' title='bbox 548 1258 614 1303; x_wconf 85' lang='lat' dir='ltr'>vis</span> <span class='ocrx_word' id='word_1_123' title='bbox 640 1258 698 1302; x_wconf 85' lang='lat' dir='ltr'>illi</span> <span class='ocrx_word' id='word_1_124' title='bbox 724 1257 830 1302; x_wconf 82' lang='lat' dir='ltr'>inest</span> <span class='ocrx_word' id='word_1_125' title='bbox 846 1292 859 1313; x_wconf 83' lang='lat'><strong><em>‚</em></strong></span> <span class='ocrx_word' id='word_1_126' title='bbox 887 1258 1019 1303; x_wconf 80' lang='lat' dir='ltr'>etiam</span> <span class='ocrx_word' id='word_1_127' title='bbox 1046 1257 1152 1301; x_wconf 82' lang='lat' dir='ltr'>dura</span> <span class='ocrx_word' id='word_1_128' title='bbox 1178 1258 1403 1317; x_wconf 75' lang='lat' dir='ltr'>molliendi</span> <span class='ocrx_word' id='word_1_129' title='bbox 1424 1275 1437 1303; x_wconf 71' lang='grc' dir='ltr'><strong>ε</strong></span> 
     </span>
     <span class='ocr_line' id='line_1_17' title="bbox 156 1330 1438 1394; baseline 0.002 -18"><span class='ocrx_word' id='word_1_130' title='bbox 156 1348 234 1378; x_wconf 86' lang='lat' dir='ltr'>nec</span> <span class='ocrx_word' id='word_1_131' title='bbox 252 1332 417 1378; x_wconf 84' lang='lat' dir='ltr'>arbusta</span> <span class='ocrx_word' id='word_1_132' title='bbox 432 1331 607 1394; x_wconf 86' lang='lat' dir='ltr'>quidem</span> <span class='ocrx_word' id='word_1_133' title='bbox 629 1330 712 1376; x_wconf 82' lang='lat' dir='ltr'>ulla</span> <span class='ocrx_word' id='word_1_134' title='bbox 733 1331 829 1387; x_wconf 83' lang='lat' dir='ltr'>alit,</span> <span class='ocrx_word' id='word_1_135' title='bbox 850 1343 892 1376; x_wconf 87' lang='lat' dir='ltr'>et</span> <span class='ocrx_word' id='word_1_136' title='bbox 908 1332 1062 1377; x_wconf 78' lang='lat' dir='ltr'>herbas</span> <span class='ocrx_word' id='word_1_137' title='bbox 1082 1344 1221 1377; x_wconf 83' lang='lat' dir='ltr'>necat.</span> <span class='ocrx_word' id='word_1_138' title='bbox 1243 1334 1438 1391; x_wconf 85' lang='lat' dir='ltr'>Quibus-</span> 
     </span>
     <span class='ocr_line' id='line_1_18' title="bbox 157 1404 1438 1470; baseline 0.003 -19"><span class='ocrx_word' id='word_1_139' title='bbox 157 1407 254 1452; x_wconf 89' lang='lat' dir='ltr'>dam</span> <span class='ocrx_word' id='word_1_140' title='bbox 275 1406 526 1452; x_wconf 86' lang='lat' dir='ltr'>fluminibus</span> <span class='ocrx_word' id='word_1_141' title='bbox 546 1405 614 1450; x_wconf 86' lang='lat' dir='ltr'>vis</span> <span class='ocrx_word' id='word_1_142' title='bbox 633 1404 740 1450; x_wconf 87' lang='lat' dir='ltr'>inest</span> <span class='ocrx_word' id='word_1_143' title='bbox 766 1405 887 1451; x_wconf 83' lang='lat' dir='ltr'>mira.</span> <span class='ocrx_word' id='word_1_144' title='bbox 910 1407 1003 1451; x_wconf 85' lang='lat' dir='ltr'>Alia</span> <span class='ocrx_word' id='word_1_145' title='bbox 1028 1407 1149 1451; x_wconf 89' lang='lat' dir='ltr'>enim</span> <span class='ocrx_word' id='word_1_146' title='bbox 1174 1405 1296 1463; x_wconf 75' lang='lat' dir='ltr'>sunt,</span> <span class='ocrx_word' id='word_1_147' title='bbox 1328 1424 1438 1470; x_wconf 86' lang='lat' dir='ltr'>quae</span> 
     </span>
     <span class='ocr_line' id='line_1_19' title="bbox 158 1479 1437 1543; baseline 0.002 -17"><span class='ocrx_word' id='word_1_148' title='bbox 158 1493 261 1542; x_wconf 85' lang='lat' dir='ltr'>pota</span> <span class='ocrx_word' id='word_1_149' title='bbox 278 1480 478 1526; x_wconf 84' lang='lat' dir='ltr'>inficiunt</span> <span class='ocrx_word' id='word_1_150' title='bbox 497 1497 646 1543; x_wconf 80' lang='lat' dir='ltr'>greges</span> <span class='ocrx_word' id='word_1_151' title='bbox 667 1479 821 1525; x_wconf 85' lang='lat' dir='ltr'>ovium</span> <span class='ocrx_word' id='word_1_152' title='bbox 841 1497 851 1525; x_wconf 73' lang='grc' dir='ltr'><strong><em>ε</em></strong></span> <span class='ocrx_word' id='word_1_153' title='bbox 871 1481 1067 1540; x_wconf 86' lang='lat' dir='ltr'>intraque</span> <span class='ocrx_word' id='word_1_154' title='bbox 1088 1480 1225 1526; x_wconf 87' lang='lat' dir='ltr'>breve</span> <span class='ocrx_word' id='word_1_155' title='bbox 1247 1494 1437 1542; x_wconf 83' lang='lat' dir='ltr'>tempus,</span> 
     </span>
     <span class='ocr_line' id='line_1_20' title="bbox 156 1551 1437 1615; baseline 0.002 -17"><span class='ocrx_word' id='word_1_156' title='bbox 156 1569 266 1614; x_wconf 78' lang='lat' dir='ltr'>quae</span> <span class='ocrx_word' id='word_1_157' title='bbox 286 1553 405 1598; x_wconf 86' lang='lat' dir='ltr'>fuere</span> <span class='ocrx_word' id='word_1_158' title='bbox 430 1552 597 1615; x_wconf 79' lang='lat' dir='ltr'>nigrae,</span> <span class='ocrx_word' id='word_1_159' title='bbox 623 1552 763 1597; x_wconf 81' lang='lat' dir='ltr'>albam</span> <span class='ocrx_word' id='word_1_160' title='bbox 797 1551 944 1598; x_wconf 85' lang='lat' dir='ltr'>ferunt</span> <span class='ocrx_word' id='word_1_161' title='bbox 970 1552 1110 1597; x_wconf 86' lang='lat' dir='ltr'>lanam</span> <span class='ocrx_word' id='word_1_162' title='bbox 1133 1569 1144 1596; x_wconf 73' lang='grc' dir='ltr'>ε</span> <span class='ocrx_word' id='word_1_163' title='bbox 1176 1569 1287 1615; x_wconf 82' lang='lat' dir='ltr'>quae</span> <span class='ocrx_word' id='word_1_164' title='bbox 1316 1554 1437 1602; x_wconf 82' lang='lat' dir='ltr'>albae</span> 
     </span>
     <span class='ocr_line' id='line_1_21' title="bbox 155 1623 1436 1687; baseline 0.002 -16"><span class='ocrx_word' id='word_1_165' title='bbox 155 1640 364 1671; x_wconf 87' lang='lat' dir='ltr'>venerant</span> <span class='ocrx_word' id='word_1_166' title='bbox 379 1661 390 1680; x_wconf 92' lang='lat'>‚</span> <span class='ocrx_word' id='word_1_167' title='bbox 422 1625 570 1687; x_wconf 79' lang='lat' dir='ltr'>nigrae</span> <span class='ocrx_word' id='word_1_168' title='bbox 591 1626 762 1671; x_wconf 85' lang='lat' dir='ltr'>abeunt.</span> <span class='ocrx_word' id='word_1_169' title='bbox 783 1625 883 1670; x_wconf 86' lang='lat' dir='ltr'>Hoc</span> <span class='ocrx_word' id='word_1_170' title='bbox 903 1623 1036 1669; x_wconf 87' lang='lat' dir='ltr'>etiam</span> <span class='ocrx_word' id='word_1_171' title='bbox 1056 1623 1102 1668; x_wconf 87' lang='lat' dir='ltr'>in</span> <span class='ocrx_word' id='word_1_172' title='bbox 1132 1625 1315 1672; x_wconf 84' lang='lat' dir='ltr'>Boeotia</span> <span class='ocrx_word' id='word_1_173' title='bbox 1340 1644 1436 1673; x_wconf 89' lang='lat' dir='ltr'>am·-</span> 
     </span>
     <span class='ocr_line' id='line_1_22' title="bbox 156 1696 1438 1759; baseline 0.003 -17"><span class='ocrx_word' id='word_1_174' title='bbox 156 1714 233 1743; x_wconf 81' lang='lat' dir='ltr'>nes</span> <span class='ocrx_word' id='word_1_175' title='bbox 262 1698 350 1742; x_wconf 87' lang='lat' dir='ltr'>duo</span> <span class='ocrx_word' id='word_1_176' title='bbox 380 1697 574 1743; x_wconf 85' lang='lat' dir='ltr'>efficiunt</span> <span class='ocrx_word' id='word_1_177' title='bbox 609 1715 620 1743; x_wconf 90' lang='lat'>:</span> <span class='ocrx_word' id='word_1_178' title='bbox 652 1713 843 1759; x_wconf 86' lang='lat' dir='ltr'>quorum</span> <span class='ocrx_word' id='word_1_179' title='bbox 880 1696 1006 1742; x_wconf 81' lang='lat' dir='ltr'>alteri</span> <span class='ocrx_word' id='word_1_180' title='bbox 1030 1697 1084 1742; x_wconf 90' lang='lat' dir='ltr'>ab</span> <span class='ocrx_word' id='word_1_181' title='bbox 1116 1696 1273 1744; x_wconf 65' lang='lat' dir='ltr'>effeffii</span> <span class='ocrx_word' id='word_1_182' title='bbox 1302 1700 1438 1746; x_wconf 78' lang='lat' dir='ltr'>Melas</span> 
     </span>
     <span class='ocr_line' id='line_1_23' title="bbox 156 1769 1437 1833; baseline 0.005 -19"><span class='ocrx_word' id='word_1_183' title='bbox 156 1786 320 1815; x_wconf 85' lang='lat' dir='ltr'>nomen</span> <span class='ocrx_word' id='word_1_184' title='bbox 343 1769 434 1816; x_wconf 88' lang='lat' dir='ltr'>est:</span> <span class='ocrx_word' id='word_1_185' title='bbox 459 1784 642 1833; x_wconf 88' lang='lat' dir='ltr'>uterque</span> <span class='ocrx_word' id='word_1_186' title='bbox 662 1788 717 1817; x_wconf 89' lang='lat' dir='ltr'>ex</span> <span class='ocrx_word' id='word_1_187' title='bbox 746 1771 903 1817; x_wconf 88' lang='lat' dir='ltr'>eodem</span> <span class='ocrx_word' id='word_1_188' title='bbox 925 1770 1020 1816; x_wconf 88' lang='lat' dir='ltr'>lacu</span> <span class='ocrx_word' id='word_1_189' title='bbox 1051 1783 1238 1828; x_wconf 80' lang='lat' dir='ltr'>exeunt,</span> <span class='ocrx_word' id='word_1_190' title='bbox 1271 1771 1437 1820; x_wconf 83' lang='lat' dir='ltr'>diversa</span> 
     </span>
     <span class='ocr_line' id='line_1_24' title="bbox 155 1841 1436 1907; baseline 0.005 -21"><span class='ocrx_word' id='word_1_191' title='bbox 155 1841 319 1888; x_wconf 61' lang='lat' dir='ltr'>faEturi.</span> <span class='ocrx_word' id='word_1_192' title='bbox 344 1844 391 1887; x_wconf 89' lang='lat' dir='ltr'>In</span> <span class='ocrx_word' id='word_1_193' title='bbox 417 1842 678 1889; x_wconf 86' lang='lat' dir='ltr'>Macedonia</span> <span class='ocrx_word' id='word_1_194' title='bbox 697 1859 875 1905; x_wconf 85' lang='lat' dir='ltr'>quoque</span> <span class='ocrx_word' id='word_1_195' title='bbox 891 1878 904 1898; x_wconf 93' lang='lat'>‚</span> <span class='ocrx_word' id='word_1_196' title='bbox 931 1856 981 1889; x_wconf 83' lang='lat' dir='ltr'>ut</span> <span class='ocrx_word' id='word_1_197' title='bbox 1007 1842 1066 1888; x_wconf 82' lang='lat' dir='ltr'>ait</span> <span class='ocrx_word' id='word_1_198' title='bbox 1085 1844 1436 1907; x_wconf 80' lang='lat' dir='ltr'>Theophrastus,</span> 
     </span>
     <span class='ocr_line' id='line_1_25' title="bbox 157 1916 1435 1981; baseline 0.004 -18"><span class='ocrx_word' id='word_1_199' title='bbox 157 1916 217 1963; x_wconf 89' lang='lat' dir='ltr'>est</span> <span class='ocrx_word' id='word_1_200' title='bbox 247 1916 410 1964; x_wconf 88' lang='lat' dir='ltr'>flumen</span> <span class='ocrx_word' id='word_1_201' title='bbox 426 1953 438 1973; x_wconf 95' lang='lat'>‚</span> <span class='ocrx_word' id='word_1_202' title='bbox 465 1918 518 1964; x_wconf 91' lang='lat' dir='ltr'>ad</span> <span class='ocrx_word' id='word_1_203' title='bbox 545 1919 669 1980; x_wconf 85' lang='lat' dir='ltr'>quod</span> <span class='ocrx_word' id='word_1_204' title='bbox 697 1918 772 1981; x_wconf 90' lang='lat' dir='ltr'>qui</span> <span class='ocrx_word' id='word_1_205' title='bbox 802 1918 946 1965; x_wconf 86' lang='lat' dir='ltr'>facere</span> <span class='ocrx_word' id='word_1_206' title='bbox 967 1918 1081 1966; x_wconf 88' lang='lat' dir='ltr'>albas</span> <span class='ocrx_word' id='word_1_207' title='bbox 1107 1936 1220 1967; x_wconf 87' lang='lat' dir='ltr'>oves</span> <span class='ocrx_word' id='word_1_208' title='bbox 1245 1921 1405 1968; x_wconf 81' lang='lat' dir='ltr'>volunt</span> <span class='ocrx_word' id='word_1_209' title='bbox 1421 1959 1435 1981; x_wconf 89' lang='lat'><strong>,</strong></span> 
     </span>
     <span class='ocr_line' id='line_1_26' title="bbox 156 1991 1434 2056; baseline 0.005 -21"><span class='ocrx_word' id='word_1_210' title='bbox 156 1991 385 2037; x_wconf 83' lang='lat' dir='ltr'>adducunt.</span> <span class='ocrx_word' id='word_1_211' title='bbox 400 1993 542 2051; x_wconf 83' lang='lat' dir='ltr'>Quod</span> <span class='ocrx_word' id='word_1_212' title='bbox 557 2004 603 2038; x_wconf 87' lang='lat' dir='ltr'>ut</span> <span class='ocrx_word' id='word_1_213' title='bbox 618 1993 778 2040; x_wconf 88' lang='lat' dir='ltr'>diutius</span> <span class='ocrx_word' id='word_1_214' title='bbox 797 2005 1008 2055; x_wconf 85' lang='lat' dir='ltr'>potavere</span> <span class='ocrx_word' id='word_1_215' title='bbox 1024 2026 1038 2048; x_wconf 94' lang='lat'>‚</span> <span class='ocrx_word' id='word_1_216' title='bbox 1058 2010 1147 2039; x_wconf 92' lang='lat' dir='ltr'>non</span> <span class='ocrx_word' id='word_1_217' title='bbox 1165 1994 1285 2040; x_wconf 86' lang='lat' dir='ltr'>aliter</span> <span class='ocrx_word' id='word_1_218' title='bbox 1304 2012 1434 2056; x_wconf 86' lang='lat' dir='ltr'>quam</span> 
     </span>
     <span class='ocr_line' id='line_1_27' title="bbox 155 2061 1435 2127; baseline 0.002 -19"><span class='ocrx_word' id='word_1_219' title='bbox 155 2061 310 2108; x_wconf 62' lang='lat' dir='ltr'>infecra</span> <span class='ocrx_word' id='word_1_220' title='bbox 342 2075 570 2109; x_wconf 81' lang='lat' dir='ltr'>mutantur.</span> <span class='ocrx_word' id='word_1_221' title='bbox 608 2068 664 2110; x_wconf 84' lang='lat' dir='ltr'>At</span> <span class='ocrx_word' id='word_1_222' title='bbox 697 2064 726 2110; x_wconf 87' lang='lat' dir='ltr'>fi</span> <span class='ocrx_word' id='word_1_223' title='bbox 759 2066 841 2111; x_wconf 86' lang='lat' dir='ltr'>illis</span> <span class='ocrx_word' id='word_1_224' title='bbox 867 2066 960 2111; x_wconf 90' lang='lat' dir='ltr'>lana</span> <span class='ocrx_word' id='word_1_225' title='bbox 993 2082 1104 2127; x_wconf 78' lang='lat' dir='ltr'>opus</span> <span class='ocrx_word' id='word_1_226' title='bbox 1134 2064 1264 2111; x_wconf 88' lang='lat' dir='ltr'>fuerit</span> <span class='ocrx_word' id='word_1_227' title='bbox 1299 2066 1435 2127; x_wconf 60' lang='lat' dir='ltr'>puila,</span> 
     </span>
     <span class='ocr_line' id='line_1_28' title="bbox 156 2135 1434 2197; baseline 0.005 -18"><span class='ocrx_word' id='word_1_228' title='bbox 156 2147 327 2196; x_wconf 85' lang='lat' dir='ltr'>paratus</span> <span class='ocrx_word' id='word_1_229' title='bbox 347 2135 552 2197; x_wconf 82' lang='lat' dir='ltr'>gratuitus</span> <span class='ocrx_word' id='word_1_230' title='bbox 579 2136 764 2183; x_wconf 71' lang='lat' dir='ltr'>infe&amp;0r</span> <span class='ocrx_word' id='word_1_231' title='bbox 789 2137 850 2183; x_wconf 89' lang='lat' dir='ltr'>est</span> <span class='ocrx_word' id='word_1_232' title='bbox 871 2156 882 2184; x_wconf 90' lang='lat'>:</span> <span class='ocrx_word' id='word_1_233' title='bbox 911 2138 963 2183; x_wconf 87' lang='lat' dir='ltr'>ad</span> <span class='ocrx_word' id='word_1_234' title='bbox 988 2139 1213 2184; x_wconf 75' lang='lat' dir='ltr'>Ceronem</span> <span class='ocrx_word' id='word_1_235' title='bbox 1247 2139 1434 2185; x_wconf 85' lang='lat' dir='ltr'>eundem</span> 
     </span>
     <span class='ocr_line' id='line_1_29' title="bbox 155 2208 1433 2270; baseline 0.005 -18"><span class='ocrx_word' id='word_1_236' title='bbox 155 2224 329 2270; x_wconf 80' lang='lat' dir='ltr'>gregem</span> <span class='ocrx_word' id='word_1_237' title='bbox 364 2208 598 2268; x_wconf 77' lang='lat' dir='ltr'>appellunt.</span> <span class='ocrx_word' id='word_1_238' title='bbox 641 2211 850 2256; x_wconf 58' lang='lat' dir='ltr'>Auffiores</span> <span class='ocrx_word' id='word_1_239' title='bbox 880 2226 1026 2256; x_wconf 83' lang='lat' dir='ltr'>novos</span> <span class='ocrx_word' id='word_1_240' title='bbox 1064 2210 1235 2264; x_wconf 84' lang='lat' dir='ltr'>habe0‚</span> <span class='ocrx_word' id='word_1_241' title='bbox 1270 2211 1355 2258; x_wconf 81' lang='lat' dir='ltr'>effe</span> <span class='ocrx_word' id='word_1_242' title='bbox 1387 2212 1433 2258; x_wconf 86' lang='lat' dir='ltr'>in</span> 
     </span>
     <span class='ocr_line' id='line_1_30' title="bbox 157 2279 1434 2343; baseline 0.005 -18"><span class='ocrx_word' id='word_1_243' title='bbox 157 2280 326 2325; x_wconf 77' lang='lat' dir='ltr'>Galatia</span> <span class='ocrx_word' id='word_1_244' title='bbox 358 2279 547 2335; x_wconf 84' lang='lat' dir='ltr'>flumen,</span> <span class='ocrx_word' id='word_1_245' title='bbox 570 2282 690 2343; x_wconf 86' lang='lat' dir='ltr'>quod</span> <span class='ocrx_word' id='word_1_246' title='bbox 718 2281 834 2329; x_wconf 84' lang='lat' dir='ltr'>idem</span> <span class='ocrx_word' id='word_1_247' title='bbox 855 2283 899 2328; x_wconf 88' lang='lat' dir='ltr'>in</span> <span class='ocrx_word' id='word_1_248' title='bbox 923 2282 1128 2328; x_wconf 84' lang='lat' dir='ltr'>omnibus</span> <span class='ocrx_word' id='word_1_249' title='bbox 1147 2283 1304 2330; x_wconf 79' lang='lat' dir='ltr'>efficiat</span> <span class='ocrx_word' id='word_1_250' title='bbox 1320 2301 1330 2328; x_wconf 91' lang='lat'>:</span> <span class='ocrx_word' id='word_1_251' title='bbox 1349 2284 1434 2331; x_wconf 84' lang='lat' dir='ltr'>effe</span> 
     </span>
     <span class='ocr_line' id='line_1_31' title="bbox 154 2352 1436 2417; baseline 0.005 -21"><span class='ocrx_word' id='word_1_252' title='bbox 154 2352 200 2397; x_wconf 86' lang='lat' dir='ltr'>in</span> <span class='ocrx_word' id='word_1_253' title='bbox 224 2352 536 2413; x_wconf 82' lang='lat' dir='ltr'>Cappadocia,</span> <span class='ocrx_word' id='word_1_254' title='bbox 567 2369 658 2415; x_wconf 85' lang='lat' dir='ltr'>quo</span> <span class='ocrx_word' id='word_1_255' title='bbox 692 2365 802 2415; x_wconf 89' lang='lat' dir='ltr'>poto</span> <span class='ocrx_word' id='word_1_256' title='bbox 825 2354 972 2413; x_wconf 84' lang='lat' dir='ltr'>equis,</span> <span class='ocrx_word' id='word_1_257' title='bbox 1005 2371 1084 2400; x_wconf 85' lang='lat' dir='ltr'>nec</span> <span class='ocrx_word' id='word_1_258' title='bbox 1111 2355 1186 2400; x_wconf 92' lang='lat' dir='ltr'>ulli</span> <span class='ocrx_word' id='word_1_259' title='bbox 1216 2368 1436 2417; x_wconf 83' lang='lat' dir='ltr'>praeterea</span> 
     </span>
     <span class='ocr_line' id='line_1_32' title="bbox 160 2424 1437 2490; baseline 0.005 -21"><span class='ocrx_word' id='word_1_260' title='bbox 160 2424 353 2482; x_wconf 83' lang='lat' dir='ltr'>animali,</span> <span class='ocrx_word' id='word_1_261' title='bbox 369 2425 496 2474; x_wconf 70' lang='lat' dir='ltr'>color</span> <span class='ocrx_word' id='word_1_262' title='bbox 516 2439 732 2489; x_wconf 74' lang='lat' dir='ltr'>mutatur,</span> <span class='ocrx_word' id='word_1_263' title='bbox 745 2437 788 2472; x_wconf 89' lang='lat' dir='ltr'>et</span> <span class='ocrx_word' id='word_1_264' title='bbox 804 2424 1014 2490; x_wconf 81' lang='lat' dir='ltr'>spargitur</span> <span class='ocrx_word' id='word_1_265' title='bbox 1028 2426 1128 2473; x_wconf 87' lang='lat' dir='ltr'>albo</span> <span class='ocrx_word' id='word_1_266' title='bbox 1146 2427 1270 2475; x_wconf 83' lang='lat' dir='ltr'>cutis.</span> <span class='ocrx_word' id='word_1_267' title='bbox 1289 2429 1437 2489; x_wconf 74' lang='lat' dir='ltr'>Quos-</span> 
     </span>
    </p>
   </div>
  </div>
 </body>
</html>
