1730 2870
533 159 1096 206 EP18TOLAE.
1398 170 1454 223 33

187 267 429 333 quit,anni
449 267 536 314 mei
561 267 670 314 sunt.
694 266 857 312 nullum
878 266 1066 312 seculum
1088 262 1251 327 magnis
1276 264 1462 328 ingeniis

186 341 350 388 clusum
386 338 478 397 est,
508 336 670 383 nullum
701 352 791 381 non
829 336 1084 398 cogitationi
1115 336 1317 397 pervium
1346 349 1462 382 tem-

185 430 278 475 pus.
322 413 437 458 Cum
470 407 638 456 venerit
667 408 759 454 dies
785 409 853 455 ille
877 409 952 471 qui
983 411 1170 454 mixtum
1204 410 1289 457 hoc
1318 410 1461 457 divini

185 483 450 547 humanique
482 482 671 529 secernat
702 496 894 543 corpus,
926 481 1040 536 hoc,
1070 480 1145 527 ubi
1175 479 1352 537 inveni,
1391 495 1465 528 re-·

183 556 380 619 linquam
408 572 419 601 t
453 554 541 615 ipse
571 569 642 598 me
677 553 757 598 diis
785 554 977 599 reddam,
1013 569 1092 600 nec
1121 570 1236 600 nunc
1269 553 1355 600 fine
1381 554 1464 601 illis

184 628 305 683 sum,
329 628 400 674 sed
423 625 543 689 gravi
564 639 825 687 terrenoque
847 624 1063 670 detineor.
1093 626 1173 670 Per
1199 625 1273 669 has
1297 640 1464 671 morta-

184 700 237 747 lis
265 699 364 747 aevi
386 714 555 754 moras,
581 696 643 742 illi
675 696 848 743 meliori
878 697 993 743 vitae
1015 696 1290 760 longiorique
1312 699 1467 759 prolu-

185 773 315 820 ditur.
360 771 748 832 Quemadmodum
782 786 946 815 novem
984 770 1199 815 mensibus
1233 786 1313 816 nos
1345 783 1465 819 tenet

185 860 406 893 maternus
425 858 596 899 uterus,
617 856 659 889 et
684 855 909 906 praeparat
929 859 1020 889 non
1043 843 1144 898 fibi,
1179 843 1249 889 sed
1276 844 1336 889 illi
1358 844 1464 892 loco

185 917 232 964 in
259 934 391 981 quem
423 917 627 963 videmur
655 914 826 972 emitti,
860 915 945 960 iam
972 915 1121 961 idonei
1151 916 1346 977 spiritum
1373 933 1466 964 tra-

187 990 315 1048 here,
329 1002 370 1037 et
388 990 431 1035 in
451 999 603 1051 aperto
624 988 776 1033 durare
798 1005 808 1033 :
832 986 887 1033 fic
903 1003 980 1050 per
999 987 1085 1034 hoc
1109 989 1290 1050 spatium
1307 1025 1317 1045 ,
1339 990 1463 1052 quod

187 1061 243 1108 ab
274 1061 453 1108 infantia
484 1071 602 1122 patet
633 1059 677 1104 in
708 1057 964 1105 senectutem
985 1093 998 1116 ,
1041 1059 1086 1106 in
1119 1059 1246 1106 aliurn
1284 1074 1465 1113 naturae

186 1134 397 1181 sumimur
418 1143 602 1195 partum.
633 1130 728 1176 Alia
750 1131 881 1192 origo
903 1146 982 1177 nos
1002 1132 1239 1193 exspectat,
1257 1134 1363 1179 alius
1390 1144 1461 1180 re-4·

186 1224 286 1254 rum
318 1206 465 1252 status.
514 1204 726 1251 Nondum
758 1202 931 1250 coelum
951 1237 964 1259 ‚
1000 1204 1077 1250 nifi
1107 1221 1160 1251 ex
1193 1205 1467 1264 intervallo,

187 1281 278 1345 pati
309 1279 548 1344 possumus.
588 1278 777 1325 Proinde
800 1278 1043 1340 intrepidus
1068 1278 1219 1326 horam
1243 1279 1361 1326 illam
1389 1282 1466 1327 de-

185 1355 420 1403 cretoriam
464 1353 698 1416 prospice:
741 1368 832 1397 non
862 1351 923 1397 est
954 1352 1119 1415 animo⁸
1135 1353 1359 1416 suprema,
1392 1354 1466 1401 sed

188 1427 380 1489 corpori.
399 1425 630 1488 Quidquid
648 1424 761 1472 circa
778 1436 820 1470 te
840 1424 951 1471 iacet
968 1438 1114 1472 ‘rerum
1132 1462 1144 1484 ,
1163 1439 1363 1492 tanquam
1385 1430 1464 1475 hoe

185 1499 345 1561 spitalis
369 1499 457 1545 loci
479 1497 660 1545 sarcinas
678 1498 817 1560 specta
839 1515 850 1544 ε
872 1499 1174 1546 transeundum
1196 1503 1267 1549 est.
1287 1503 1466 1550 Excutit

186 1571 441 1616 redeuntem
475 1583 650 1626 natura,
680 1570 785 1616 ficut
812 1569 1059 1618 intrantem.
1105 1574 1209 1618 Non
1242 1573 1343 1622 licet
1371 1574 1466 1636 plus

186 1642 371 1700 efferre,
395 1658 523 1705 quam
541 1641 763 1688 intuleris:
783 1641 922 1687 immo
939 1643 1070 1689 etiam
1097 1659 1151 1691 ex
1173 1661 1253 1701 eo,
1274 1648 1395 1708 quod
1416 1646 1465 1695 in

185 1717 322 1764 vitam
350 1715 521 1762 attulisti
540 1747 555 1770 ‚
593 1730 689 1777 pars
717 1730 873 1777 magna
899 1717 1100 1776 ponenda
1133 1716 1203 1762 est.
1236 1719 1465 1766 Detrahe-

186 1801 258 1837 tur
282 1788 360 1835 tibi
388 1789 493 1834 haec
525 1786 828 1843 circumiecta,
854 1786 1137 1834 noviffimum
1163 1787 1460 1839 velamentum

186 1862 277 1918 tui,
305 1861 442 1907 cutis:
472 1860 721 1906 detrahetur
748 1874 851 1904 caro
882 1873 925 1905 et
948 1857 1128 1906 suffusus
1151 1860 1341 1923 sanguis,
1375 1861 1464 1908 dis-

187 1950 448 1995 currensque
475 1950 554 1995 per
573 1945 717 1979 totum
745 1950 756 1978 z
786 1932 1069 1979 detrahentur
1095 1931 1186 1978 offa
1215 1935 1425 1997 nervique
1447 1970 1462 1992 ,

187 2008 456 2054 firmamenta
481 2006 720 2052 fluidorum
745 2021 793 2052 ac
810 2005 1060 2052 labentium.
1077 2006 1186 2053 Dies
1208 2006 1307 2063 iste,
1330 2026 1471 2070 quem

187 2093 392 2144 tanquam
423 2092 668 2126 extremum
701 2076 986 2134 reformidas,
1020 2078 1182 2123 aeterni
1212 2080 1362 2125 natalis
1387 2081 1461 2128 ests,

188 2154 381 2216 Depone
417 2164 541 2213 onus.
576 2150 685 2213 quid
716 2148 955 2204 cunctari&
993 2163 1197 2212 tanquam
1226 2167 1314 2196 non
1345 2153 1462 2213 prius

188 2242 368 2289 quoque
386 2260 400 2282 ‚
428 2224 579 2270 relicto
594 2254 608 2280 ,·
636 2223 681 2269 in
704 2236 795 2286 quo
815 2223 998 2280 latebas,
1026 2239 1244 2285 corpore,
1267 2225 1460 2270 exieris?

188 2299 349 2345 Haeres
368 2311 412 2345 et
441 2296 660 2344 reluEtaris
678 2314 687 2343 :
708 2310 800 2343 tum
821 2313 999 2359 quoque
1019 2313 1178 2360 magno
1199 2297 1292 2343 nisu
1315 2299 1463 2346 matris

187 2370 388 2433 expulsus
413 2386 471 2418 es.
494 2369 668 2427 Gemis,
694 2369 839 2431 ploras
859 2384 870 2415 :
890 2382 935 2415 et
959 2368 1045 2416 hoc
1068 2368 1206 2431 ipsum
1232 2368 1361 2429 flere,
1382 2387 1461 2416 na-

186 2442 341 2491 scentis
363 2442 438 2489 est.
475 2442 557 2504 Sed
580 2454 683 2488 tunc
706 2440 891 2486 debebat
912 2439 1089 2504 ignosci.
1107 2441 1227 2488 rudis
1249 2455 1292 2489 et
1321 2442 1463 2506 impe·=⁴

251 2516 299 2562 L.
319 2518 444 2562 Arm.
473 2517 643 2562 Seneca.
676 2516 770 2560 Vol.
793 2514 876 2557 IVo
1167 2514 1208 2559 C
