1730 2870
546 159 1116 206 EpisTOLAE.
1287 178 1467 224 '⁴15

193 266 315 324 Vita,
345 282 425 314 nec
449 266 616 313 bonum
644 284 725 314 nec
754 267 914 312 malum
947 267 1036 314 est:
1063 266 1172 313 boni
1202 283 1251 313 ac
1277 268 1377 313 mali
1404 269 1473 314 io-

194 355 269 385 cus
287 339 359 386 est.
385 342 446 385 Ita
473 339 580 384 nihil
600 340 789 401 perdidit
818 340 910 394 ille,
939 340 1013 385 nisi
1035 338 1233 385 aleam'in
1262 342 1469 387 damnum

192 412 436 458 certiorem.
457 411 603 457 Potuit
620 413 809 458 evadere
839 412 1058 458 modestus
1082 428 1131 458 ac
1154 413 1367 474 prudens,
1386 430 1469 474 po-

193 484 272 529 tuit
301 484 376 530 sub
405 501 509 530 cura
531 499 603 530 tua
627 484 671 529 in
692 485 875 530 meliora
902 484 1082 532 formari
1105 502 1115 530 ε
1138 484 1210 531 sed
1237 484 1378 547 (quod
1398 487 1464 531 iu-

191 555 293 602 stius
319 557 528 616 timetur)
566 555 709 618 potuit
734 555 826 602 sieri
855 554 1050 617 pluribus
1075 555 1231 602 similis.
1277 556 1464 619 Adspice

189 628 286 674 illos
313 629 519 690 iuvenes,
549 645 661 692 quos
683 645 734 674 ex
763 628 1034 675 nobilissimis
1066 625 1270 676 domibus
1299 631 1343 675 in
1364 647 1462 676 are·

186 716 285 745 nam
312 692 479 746 luxuria
508 699 695 763 proiecit
723 719 734 746 :
761 700 933 763 adspice
963 702 1082 758 illos,
1111 703 1187 763 qui
1215 702 1329 748 suam
1357 703 1462 749 alie-

184 788 373 835 namque
402 772 625 818 libidinem
652 788 883 827 exercent,
905 785 1062 819 mutuo
1089 774 1324 835 impudici3
1354 792 1464 837 quo-

186 860 284 889 rum
311 846 451 891 nullus
470 844 556 890 sine
583 844 820 902 ebrietate,
850 847 988 892 nullus
1018 845 1105 892 fine
1133 846 1284 909 aliquo
1310 846 1465 910 insigni

186 915 352 979 flagitio
383 917 471 962 dies
501 918 620 963 exit:
643 916 737 978 plus
768 917 913 963 timeri
942 933 1073 979 quam
1103 917 1264 980 sperari
1292 920 1461 980 potuis-

185 987 252 1042 se,
284 988 557 1034 manifestum
582 987 673 1034 erit.
701 990 807 1034 Non
835 989 964 1035 debes
992 990 1135 1052 itaque
1161 990 1303 1036 causas
1330 991 1460 1038 dolo·

187 1063 244 1109 ris
274 1063 508 1115 arcessere,
539 1078 618 1107 nec
648 1061 763 1107 levia
790 1061 1074 1108 incommoda
1095 1061 1363 1125 indignando
1386 1080 1463 1110 cu·

186 1135 360 1181 mulare.
387 1136 492 1180 Non
523 1135 678 1179 hortor
695 1170 707 1191 ‚
740 1147 787 1180 ut
814 1135 962 1180 nitaris
981 1147 1022 1180 et
1045 1151 1222 1197 urgeas:
1244 1152 1335 1183 non
1368 1149 1457 1183 tam

184 1209 297 1254 male
320 1209 373 1254 de
400 1222 442 1254 te
468 1207 643 1263 iudic0,
675 1220 723 1252 ut
746 1206 826 1252 tibi
850 1205 1052 1252 adversus
1076 1207 1182 1252 haec
1213 1218 1352 1254 totam
1373 1225 1458 1270 pu-

181 1295 271 1327 tem
296 1280 505 1328 virtutem
538 1279 856 1325 advocandam.
888 1279 994 1324 Non
1024 1277 1085 1323 est
1108 1278 1240 1325 dolor
1263 1278 1363 1335 iste,
1387 1280 1459 1327 sed

181 1353 351 1400 morsus
380 1366 459 1399 :tu
487 1353 608 1399 illum
642 1354 845 1400 dolorem
879 1352 996 1400 facis.
1037 1352 1137 1399 Sine
1171 1353 1307 1400 dubio
1339 1356 1455 1401 mul-

180 1439 272 1474 tum
305 1427 582 1491 philosophia
621 1426 847 1489 profecit,
880 1426 910 1472 fi
942 1442 1152 1489 puerum,
1186 1428 1343 1475 nutrici
1376 1428 1456 1475 ad-

176 1500 264 1546 huc
300 1517 431 1563 quarn
466 1500 576 1562 patri
612 1500 863 1558 notiorem,
899 1499 1048 1544 animo
1085 1498 1190 1546 forti
1227 1501 1455 1551 desideras·

177 1573 337 1632 Quid?
365 1590 480 1620 nunc
499 1589 607 1636 ergo
635 1573 839 1619 duritiam
865 1569 1050 1629 suadeo,
1077 1584 1120 1618 et
1150 1573 1195 1619 in
1213 1572 1366 1620 funere
1386 1575 1452 1637 ip-

177 1646 226 1693 so
258 1646 422 1708 erigere
465 1647 637 1692 vultum
682 1646 819 1704 volo,
854 1659 897 1692 et
931 1647 1124 1692 animum
1164 1663 1218 1694 ne
1252 1650 1453 1701 contrahi

176 1719 354 1781 quidem
393 1718 569 1781 patior?
606 1717 802 1765 Minime.
832 1714 1121 1766 inhumanitas
1148 1719 1209 1765 est
1226 1720 1299 1766 ista
1318 1756 1332 1778 ‚
1363 1738 1454 1768 non

176 1793 316 1840 virtus
331 1829 344 1849 ,
372 1793 522 1838 funera
543 1792 719 1838 suorum
737 1791 890 1838 iisdem
919 1793 1058 1839 oculis
1073 1792 1232 1855 quibus
1251 1794 1366 1856 ipsos
1387 1794 1456 1841 vi-

174 1863 310 1917 dere,
346 1879 427 1909 nec
460 1862 742 1909 commoveri
771 1863 827 1908 ad
861 1863 1045 1925 primam
1079 1864 1354 1912 familiarium
1384 1868 1453 1914 di-

173 1937 402 1983 visionem.
428 1937 531 1981 Puta
551 1949 694 1981 autern
716 1952 786 1981 me
811 1949 959 1983 vetare
980 1955 990 1982 z
1015 1939 1226 1999 quaedam
1245 1956 1335 1985 non
1353 1940 1451 1988 sunt

173 2009 234 2057 sui
263 2009 379 2056 iuris.
414 2009 630 2055 Excidunt
666 2009 796 2054 etiam
825 2010 1108 2058 retinentibus
1137 2012 1342 2060 lacrimae
1361 2050 1373 2071 ‚
1407 2026 1450 2061 et

172 2082 364 2128 animum
392 2080 589 2143 profusae
616 2081 774 2127 levant.
817 2082 940 2142 Quid
963 2100 1071 2147 ergo
1098 2084 1195 2132 est?
1225 2087 1451 2148 permitta-

173 2172 270 2201 mus
301 2155 383 2200 illis
414 2154 597 2211 cadere,
634 2170 725 2199 non
763 2154 1038 2216 imperemus.
1074 2156 1210 2204 fluant
1238 2171 1449 2221 quantum

170 2227 348 2274 affecius
367 2226 564 2279 eiecerit,
599 2244 690 2273 non
716 2241 926 2288 quantum
952 2228 1105 2289 poscet
1133 2229 1338 2278 imitatio,
1359 2233 1448 2289 ¹Ni·—

171 2301 231 2347 hil
255 2317 365 2347 vero
387 2301 582 2346 moerori
612 2300 888 2358 adiiciamus,
919 2318 997 2348 nec
1025 2302 1148 2348 illum
1175 2304 1227 2350 ad
1261 2304 1448 2352 alienum

171 2388 404 2434 augeamus
434 2370 698 2432 exemplum.
726 2371 823 2417 Plus
843 2370 1077 2418 ostentatio
1097 2373 1264 2421 doloris
1292 2376 1447 2440 exigit,

172 2461 303 2509 quam
324 2445 468 2494 dolor.
506 2444 850 2508 quotusquisque
870 2443 947 2490 sibi
975 2444 1102 2493 tristis
1121 2446 1180 2494 est
1200 2445 1218 2493 ἓ
1255 2446 1449 2508 Clarius„
