1730 2870
414 100 1013 176 NATURVQUAEST.
1060 99 1176 146 ΗΒ.
1211 99 1307 145 vn.
1380 59 1500 161 ⁴349

222 211 348 260 buius
381 226 629 276 ponamus,
660 226 711 256 ac
744 208 1002 256 refellamus.
1028 207 1144 254 Huic
1162 205 1334 255 videtur
1368 205 1504 268 pluri-

223 303 347 332 mum
366 285 527 334 virium
564 283 725 329 habere
741 314 756 338 ‚
783 281 838 327 ad
868 296 1024 328 omnes
1055 279 1303 327 sublimium
1324 290 1471 324 motus
1487 312 1503 334 ,

224 359 340 405 stella
356 355 540 402 Saturni.
558 355 679 401 Haec
699 370 798 400 cum
817 352 1017 415 proxima
1033 352 1148 414 signa
1163 351 1292 398 Marti
1312 350 1505 413 premit,

224 430 356 477 autin
378 431 523 474 Lunae
548 427 756 473 viciniam
776 425 922 477 transit
936 461 950 481 ‚
970 438 1042 471 aut
1061 426 1105 470 'm
1125 422 1238 470 Solis
1268 421 1420 469 incidit
1435 438 1508 468 ra·-

223 501 322 547 dios
336 536 350 558 ‚
376 512 527 546 natura
547 499 727 548 ventosa
743 510 786 544 et
804 498 960 561 frigida
977 495 1197 543 contrahit
1216 495 1409 559 pluribus
1434 495 1508 541 lo-

223 574 287 621 cis
306 575 425 631 aera,
455 572 791 636 conglobatque.
812 570 990 617 Deinde
1007 568 1037 614 si
1055 569 1197 620 radios
1215 568 1328 616 Solis
1347 568 1511 615 assum-

223 646 299 703 fit,
318 659 441 693 tonat
458 681 471 703 ,
495 646 787 709 fulguratque.
824 643 866 690 Si
893 645 1079 689 Martem
1118 657 1300 704 quoque
1328 642 1512 691 consen-
1541 644 1543 646 ’

224 721 407 768 rientem
444 720 601 776 habet,
631 716 844 764 fulminat.
889 716 1113 762 Praeterea
1132 749 1146 772 ,
1174 714 1350 778 inquit,
1385 714 1516 767 aliam

226 795 452 841 materiam
473 793 633 838 habent
651 789 859 843 fulmina,
880 788 1005 834 aliam
1027 786 1350 851 fulgurationes.
1365 792 1515 851 Aqua-

224 884 328 914 rum
356 866 473 912 enim
493 877 536 911 et
567 862 713 910 omnis
745 860 916 907 humidi
948 859 1238 923 evaporatio,
1261 859 1515 923 splendores

227 952 395 986 tantum
425 936 539 984 coeli
558 935 664 983 citra
683 934 814 981 icium
845 934 1037 980 minaces
1070 946 1247 983 movet:
1273 934 1343 980 illa
1366 946 1510 981 autem

225 1012 410 1059 calidior
424 1010 666 1072 ficciorque
683 1019 894 1055 terrarum
912 1007 1148 1063 exhalatio,
1168 1007 1350 1054 fulmina
1364 1022 1515 1056 extun-

226 1085 304 1131 dit.
317 1083 484 1130 Trabes
497 1097 608 1129 vero
624 1093 664 1127 et
677 1079 792 1128 faces
804 1117 817 1139 ,
837 1097 946 1144 quae
965 1081 1084 1126 nullo
1099 1080 1184 1125 alio
1199 1080 1311 1127 inter
1325 1080 1365 1127 se
1378 1095 1511 1143 quam

225 1156 527 1220 magnitudine
555 1155 734 1210 distant,
754 1156 842 1202 hoc
868 1155 1006 1201 modo
1034 1154 1155 1201 fiunt.
1188 1156 1303 1201 Cum
1336 1154 1517 1201 humida

225 1241 480 1293 terrenaque
495 1227 538 1273 in
559 1226 600 1274 se
616 1229 770 1291 globus
787 1226 941 1291 aliquis'
961 1227 1070 1274 a'e'ris
1090 1227 1259 1284 claulit‚
1281 1244 1411 1290 quem
1426 1241 1517 1274 tur-

222 1302 368 1349 binem
397 1301 611 1355 dicimus,
633 1315 893 1364 quacunque
920 1298 1088 1356 fertur,
1116 1301 1294 1363 praebet
1324 1299 1512 1362 speciem

225 1373 335 1438 ignis
355 1373 533 1420 extenti.
558 1374 685 1432 Quae
718 1388 808 1419 tam
846 1373 921 1419 diu
951 1373 1102 1430 durat,
1129 1373 1339 1436 quamdiu
1362 1373 1516 1419 mansit

228 1445 341 1491 a'e'ris
378 1445 447 1491 illa
484 1443 738 1507 complexio
758 1479 773 1503 ,
814 1444 987 1492 humidi
1031 1444 1143 1492 intra
1181 1446 1222 1492 se
1265 1444 1515 1508 terrenique

231 1520 417 1565 multum
444 1519 621 1566 vehens.
655 1566 660 1583 ,Ι

291 1593 346 1637 V.
378 1592 441 1636 Ut
467 1608 490 1636 a
510 1590 722 1653 proximis
742 1590 976 1637 mendaciis
993 1590 1225 1653 incipiam,
1257 1589 1408 1637 falsum
1429 1588 1514 1646 est,

228 1663 342 1709 faces
358 1675 402 1709 et
422 1664 564 1710 trabes
585 1664 769 1726 exprimi
787 1663 974 1711 turbine.
993 1665 1149 1711 Turbo
1167 1665 1285 1711 enim
1301 1664 1413 1711 circa
1428 1677 1515 1710 ter=

225 1753 294 1782 ras
311 1736 559 1798 concipitur
579 1754 628 1783 ac
648 1736 799 1783 fertur.
815 1738 1008 1801 Ideoque
1022 1739 1188 1786 arbusta
1209 1739 1412 1786 radicitus
1427 1738 1516 1785 vel-

225 1808 304 1864 lit,
330 1821 373 1855 et
410 1825 679 1872 quocunque
717 1810 914 1856 incubuit
941 1846 956 1868 ,
993 1810 1132 1858 solum
1164 1813 1299 1859 nudat
1327 1830 1338 1858 :
1388 1811 1517 1872 silvas

226 1880 404 1926 interim
437 1894 479 1927 et
513 1882 622 1928 tedia
658 1883 931 1944 corripiens,
953 1883 1137 1932 inferior
1174 1885 1265 1931 fere
1297 1884 1517 1939 nubibus,

226 1954 382 2017 utique
409 1971 632 2017 nunquam
655 1954 794 2001 altior.
810 1957 866 2002 At
888 1968 1040 2003 contra
1057 1957 1198 2004 trabes
1219 1957 1380 2004 editior
1401 1955 1523 2005 coeli

228 2042 330 2088 pars
345 2026 543 2073 ostentat.
568 2029 628 2073 lta
643 2044 870 2089 nunquam
888 2029 1074 2076 nubibus
1092 2030 1363 2077 obstiterunt.
1383 2032 1515 2077 Prae-

226 2112 343 2145 terea
363 2101 494 2146 turbo
517 2101 641 2146 omni
667 2102 783 2147 nube
802 2102 1005 2148 velocior
1029 2103 1222 2164 rapitur,
1242 2115 1284 2148 et
1301 2102 1347 2148 in
1362 2104 1520 2150 orbem

229 2171 423 2218 vertitur.
450 2173 591 2234 Super
609 2171 684 2217 ista
708 2173 921 2220 velociter
944 2170 1116 2232 delinit,
1142 2188 1186 2221 et
1203 2138 1293 2237 ipse
1320 2176 1360 2222 se
1379 2176 1450 2221 sua
1471 2176 1519 2222 vi

225 2242 404 2305 rumpit.
417 2245 584 2290 Trabes
601 2257 742 2290 autem
773 2261 862 2290 non
881 2246 1206 2304 transcurrffunt
1227 2264 1306 2293 nec
1325 2262 1517 2309 praeterm

228 2316 409 2370 volant,
438 2328 486 2361 ut
521 2316 635 2361 faces
654 2351 667 2372 ‚
704 2315 777 2362 sed
812 2332 1147 2363 commorantur
1169 2354 1181 2375 ‚
1219 2330 1261 2363 et
1292 2317 1337 2363 in
1365 2319 1520 2364 eadem

227 2403 351 2450 parte
389 2389 504 2438 coeli
534 2390 767 2454 collucent.
796 2389 1115 2439 Charimander
1146 2406 1355 2456 quoque,
1386 2390 1431 2437 in
1465 2405 1523 2438 eo
