1730 2870
361 137 624 205 NATUR.
670 135 974 196 QUAEST.
1021 134 1146 182 LIB.
1181 136 1271 181 111„
1363 148 1449 197 233

241 248 336 293 Vll.
365 242 586 292 Adversus
621 243 728 290 haec
757 243 892 290 multa
921 241 1006 289 dici
1040 241 1164 303 posse
1194 240 1329 287 vides.
1363 242 1458 286 Pri-

175 335 296 366 mum
316 333 400 380 ego
419 316 500 364 tibi
520 316 749 365 vinearum
769 316 951 379 diligens
970 313 1108 360 foffor
1133 313 1305 360 affirmo
1320 348 1334 371 ‚
1357 314 1457 359 nul-

175 391 263 438 lam
297 389 490 452 pluviam
526 387 612 435 effe
640 403 728 435 tam
768 404 997 451 magnam,
1024 403 1133 451 quae
1158 398 1318 433 terram
1349 386 1461 433 ultra

175 465 327 510 decem
345 462 476 524 pedes
492 460 536 507 in
554 461 822 507 altitudinem
838 459 1108 506 madefaciat.
1121 460 1283 506 Omnis
1300 461 1462 505 humor

174 533 286 582 intra
315 533 501 595 primam
523 533 705 579 crustam
733 533 1036 591 consumitur,
1067 550 1148 579 nec
1179 534 1224 579 in
1254 532 1464 579 inferiora

176 604 413 652 descendit.
445 606 697 665 Quomodo
728 621 836 668 ergo
875 604 1017 666 potest
1054 604 1198 649 imber
1231 603 1463 667 suggerere

177 679 378 725 amnibus
404 678 553 735 vires,
586 678 664 741 qui
702 677 914 724 summam
951 678 1132 723 humum
1163 676 1322 740 tingit?
1367 679 1468 724 Pars

178 751 320 803 maior
342 752 433 797 eius
465 768 543 814 per
572 749 806 797 fluminum
843 749 995 795 alveos
1027 748 1072 793 in
1108 764 1227 794 mare
1258 747 1468 795 aufertur.

178 823 395 886 Exiguum
420 825 480 870 est
510 824 632 887 quod
662 823 807 869 sorbet
836 834 981 879 terra,
1015 838 1096 867 nec
1125 822 1170 867 id
1200 820 1355 868 servat.
1379 826 1468 867 Aut

179 896 297 944 enim
319 896 436 942 arida
457 896 542 954 est,
564 909 606 941 et
626 896 810 941 absumit
836 894 1053 957 quidquid
1074 894 1119 940 in
1148 895 1190 940 se
1215 892 1357 940 fusum
1377 893 1437 939 est
1452 910 1468 939 :

181 982 254 1017 aut
272 970 417 1016 satiata
430 1005 441 1023 ‚
461 969 490 1015 fi
511 969 617 1033 quid
636 969 763 1030 supra
785 968 1040 1014 desiderium
1061 967 1241 1023 cecidit,
1260 967 1468 1015 excludit.

181 1047 234 1090 Et
253 1043 356 1089 ideo
389 1043 541 1105 primis
566 1042 778 1087 imbribuz
803 1057 895 1086 non
926 1052 1137 1102 augentur
1157 1056 1305 1086 amnes
1327 1058 1337 1085 :
1364 1039 1469 1102 quia

165 1130 301 1162 totos
324 1116 369 1161 in
390 1115 432 1161 se
453 1114 595 1161 fitiens
613 1129 726 1160 terra
744 1112 884 1160 trahit.
932 1112 1082 1171 Quid,
1107 1113 1230 1174 quod
1258 1112 1472 1174 quaedam

181 1187 364 1233 flumina
384 1199 619 1248 erumpunt
638 1186 745 1233 saxis
771 1200 814 1232 et
831 1186 1091 1232 montibus?
1114 1186 1193 1231 His
1223 1185 1329 1248 quid
1359 1201 1470 1232 con-

179 1258 325 1316 ferent
343 1256 538 1320 pluviae,
556 1275 669 1321 quae
690 1275 768 1320 per
785 1258 923 1303 nudas
943 1274 1072 1319 rupes
1091 1257 1369 1315 deferuntur,
1389 1275 1471 1305 nec

181 1332 342 1378 habent
360 1347 520 1378 terram
542 1332 611 1378 cui
632 1331 854 1377 infideaht.
884 1330 1060 1387 Adiice‚
1089 1331 1211 1394 quod
1229 1331 1274 1376 in
1295 1330 1471 1377 ficciffi-

182 1406 267 1453 mis
283 1406 391 1452 locis
412 1406 534 1468 putei
556 1406 601 1450 in
622 1408 755 1451 altum
776 1404 856 1452 acti
872 1441 884 1462 ‚
905 1421 984 1467 per
1002 1405 1219 1451 ducenum
1240 1418 1314 1451 aut
1330 1417 1473 1452 trece-

183 1496 288 1524 num
306 1480 469 1541 pedum
492 1478 624 1541 spatia
636 1514 649 1535 ‚
667 1477 903 1525 inveniunt
921 1495 1130 1541 aquarum
1149 1478 1303 1525 uberes
1321 1489 1476 1538 venas‚'

184 1552 229 1598 in
250 1569 299 1598 ea
317 1552 546 1598 altitudine
560 1588 575 1609 ‚
600 1551 645 1596 in
666 1569 798 1614 quam
820 1569 931 1615 aqua
949 1568 1039 1596 non
1060 1566 1255 1613 penetret
1273 1569 1282 1596 :
1302 1566 1349 1598 ut
1368 1553 1474 1600 scias

185 1623 274 1670 illic
294 1640 383 1669 non
402 1622 633 1669 coelestem
653 1622 739 1668 effe
752 1659 766 1680 ,
795 1640 875 1669 nec
902 1623 1184 1670 colleffitium
1207 1626 1438 1672 humorem
1457 1661 1474 1683 ‚

185 1695 258 1743 sed
283 1695 408 1758 quod
424 1693 510 1740 dici
530 1693 636 1740 solet
650 1730 663 1751 ,
684 1694 838 1741 vivam
860 1692 1030 1758 aq'uam.
1054 1696 1133 1741 lllo
1151 1712 1330 1759 quoque
1347 1714 1475 1760 argu-

187 1783 338 1816 mento
374 1768 478 1814 haec
509 1769 667 1829 opinio
699 1768 938 1827 refellitur,
965 1770 1089 1832 quod
1121 1770 1298 1832 quidam
1327 1770 1476 1818 fontes

190 1842 236 1889 in
250 1842 424 1888 summo
446 1841 610 1888 montis
628 1843 854 1889 cacumine
875 1843 1129 1889 redundant.
1146 1849 1338 1905 Apparet
1353 1861 1480 1907 ergo,
1542 1831 1550 1837 ³

188 1917 287 1964 illos
317 1915 480 1962 sursum
511 1915 607 1979 agi,
631 1928 703 1962 aut
729 1915 790 1961 ibi
823 1915 1026 1979 concipi,
1057 1934 1158 1963 cum
1190 1919 1335 1965 omnis
1365 1935 1477 1982 aqua

191 1988 396 2052 pluvialis
428 1989 641 2035 decurrat.

197 2057 200 2060 ’
258 2063 373 2107 VIll.
401 2062 596 2122 Quidam
618 2061 863 2110 existimant
880 2096 893 2119 ,
922 2053 1307 2127 quemadmodum
1329 2065 1373 2111 in
1401 2082 1480 2113 ex-

189 2134 352 2182 teriore
375 2149 494 2197 parte
513 2147 726 2181 terrarum
756 2135 899 2183 vastae
920 2138 1098 2199 paludes
1121 2139 1292 2196 iacent,
1328 2141 1479 2204 magni

191 2224 235 2255 et
262 2207 526 2269 navigabiles
551 2209 668 2254 lacus
688 2244 702 2266 ‚
730 2211 1105 2270 quemadmodum
1134 2212 1299 2275 ingenti
1334 2212 1478 2275 spatio

172 2295 337 2327 terrae
360 2280 493 2325 maria
511 2281 709 2342 porresta
729 2281 848 2338 sunt,
878 2281 1016 2328 infusa
1038 2278 1246 2330 ballibus:
1275 2285 1331 2331 fic
1361 2286 1480 2343 ¹inte--

192 2353 310 2400 riora
339 2366 548 2399 terrarum
578 2354 795 2400 abundare
823 2355 944 2418 aquis
972 2356 1193 2413 dulcibus,
1229 2375 1309 2408 nec
1335 2360 1478 2406 minus

195 2426 286 2482 illas
316 2425 692 2494 stagnare,·quam
729 2429 845 2491 apud
883 2445 964 2477 nos
997 2431 1250 2492 Oceanum,
1291 2448 1334 2481 et
1367 2432 1480 2480 finus
