1730 2870
357 124 610 172 NATUR.
660 123 1239 183 QUAEST..LIB.1V.
1350 121 1439 188 285

171 230 282 279 ae'ris
315 231 461 278 nivem
493 229 696 291 concipi,
728 245 840 293 quae
859 228 1004 276 vicina
1022 229 1149 276 terris
1167 227 1227 275 est
1247 245 1257 274 :
1274 242 1317 275 et
1343 227 1448 275 ideo

168 305 312 351 minus
333 302 520 366 alligari,
551 301 653 365 quia
677 303 850 349 minore
876 300 1040 366 frigore
1064 301 1168 350 coit.
1194 302 1309 348 Nam
1329 300 1447 348 vici-

167 392 250 423 nus
267 378 339 423 ae'r
363 390 407 422 et
434 375 530 438 plus
553 375 682 422 habet
707 373 878 438 frigoris
895 409 908 432 ‚
934 390 1063 438 quarn
1094 387 1141 421 ut
1166 373 1211 419 in
1230 389 1385 437 aquam
1405 382 1449 419 et

168 446 353 493 imbrem
373 446 578 503 transeat,
602 457 645 492 et
664 446 805 492 minus
824 443 956 508 qu'am
973 459 1023 490 ut
1042 445 1222 491 duretur
1247 444 1292 490 in
1319 440 1450 508 gran-

167 519 331 566 dinem.
359 520 458 566 Hoc
480 519 627 566 medio
656 517 823 582 frigore
850 532 942 564 non
966 516 1095 564 nimis
1123 517 1295 566 intento
1321 517 1446 566 nives

168 591 279 639 fiunt
308 592 468 639 coaffis
495 592 632 656 aquis.

232 665 351 712 Xffl.
379 665 499 726 Quid
518 664 640 722 istas,
663 663 836 728 inquis,
864 628 1078 725 ineptias,
1104 662 1263 726 quibus
1283 680 1365 711 nec
1393 663 1449 710 li-

168 739 351 785 teratior
378 738 427 785 fit
449 737 702 802 quisquam,
723 754 803 784 nec
819 736 978 784 melior
995 768 1009 792 ,
1031 750 1119 783 tam
1141 738 1328 799 operose
1345 754 1450 799 per-

169 809 393 873 sequeris?
425 809 677 869 Quomodo
701 807 807 854 fiant
834 808 989 864 nives,
1012 807 1148 854 dicis:
1178 824 1282 855 cum
1308 808 1450 855 multo

166 882 302 945 magis
326 883 380 928 ad
400 898 481 928 nos
501 881 587 928 dici
605 897 627 927 a
646 892 688 927 te
713 879 950 943 pertineat,
973 895 1107 943 quare
1125 880 1338 945 emendae
1357 895 1449 926 non

165 953 246 999 fint
267 954 403 1002 nives.
431 955 555 1002 Iubes
578 971 648 1001 me
674 970 774 1000 cum
797 954 971 1001 luxuria
986 946 1176 1016 litigare.
1208 954 1449 1014 Quotidia-

165 1043 271 1071 num
297 1026 408 1073 istud
431 1039 472 1074 et
497 1027 584 1076 fine
606 1026 765 1074 effeRu
796 1027 984 1090 iurgium
1011 1027 1085 1074 est.
1116 1028 1352 1091 Litigernus
1382 1043 1450 1075 ta-

165 1108 265 1144 rnen
286 1116 296 1144 :
317 1098 477 1145 etiamsi
508 1098 705 1162 superior
735 1099 876 1146 futura
899 1099 986 1156 est,
1018 1112 1260 1164 pugnantes
1293 1116 1344 1146 ac
1376 1117 1451 1146 re-

163 1171 373 1217 iut-Stant&
398 1172 557 1218 vincat.
586 1172 708 1232 Quid
727 1173 896 1234 porro?
916 1175 1040 1220 Hanc
1061 1172 1197 1235 ipsam
1215 1172 1450 1235 inspeffio—

163 1261 262 1290 nem
283 1256 464 1291 naturae
483 1245 590 1292 nihil
615 1244 779 1292 iudicas
797 1246 850 1292 ad
867 1245 936 1303 id,
954 1247 1076 1308 quod
1093 1245 1162 1292 vis
1177 1281 1192 1303 ,
1210 1245 1449 1293 conferre?

162 1317 276 1362 Cum
297 1318 566 1380 quaerimus,
594 1318 826 1381 quomodo
844 1318 917 1363 nix
937 1317 1035 1374 fiat,
1057 1329 1100 1364 et
1119 1317 1303 1364 dicimus
1326 1317 1449 1364 illam

164 1391 344 1453 pruinae
381 1391 560 1441 fimilem
599 1391 755 1437 habere
787 1403 1012 1449 naturam,
1050 1391 1144 1453 plus
1178 1390 1241 1438 illi
1281 1390 1452 1454 spiritus

165 1480 297 1526 quam
327 1479 464 1527 aquae
491 1463 648 1520 inesse,
675 1479 765 1509 non
793 1475 918 1525 putas
939 1462 1175 1526 exprobari
1203 1462 1312 1518 illis3
1350 1479 1451 1509 cum

165 1552 309 1583 emere
328 1552 481 1599 aquam
499 1545 623 1598 turpe
640 1535 689 1581 fit
703 1570 716 1592 ‚
735 1535 764 1580 si
785 1550 865 1581 nec
885 1551 1042 1598 aquam
1061 1535 1240 1598 quidem
1262 1547 1410 1580 emunt
1429 1533 1450 1579 ἓ

165 1609 262 1654 Nos
285 1624 395 1655 vero
417 1624 672 1671 quaeramus
701 1606 876 1669 potius,
901 1608 1134 1670 quomodo
1161 1605 1267 1652 fiant
1295 1605 1449 1665 nives,

166 1696 296 1743 quam
328 1680 560 1741 quomodo
595 1679 849 1725 serventur:
881 1678 1090 1741 quoniam
1124 1695 1215 1725 non
1253 1678 1450 1724 contenti

162 1751 265 1797 vina
293 1749 535 1796 diffundere
554 1761 758 1796 veterana
774 1785 789 1805 ‚
829 1764 869 1796 ct
895 1766 972 1812 per
997 1749 1171 1812 sapores
1202 1748 1450 1812 aetatesque

165 1821 421 1884 disponere,
447 1820 694 1867 invenimus
717 1821 951 1883 quomodo
978 1819 1234 1884 stiparemus
1261 1820 1408 1869 nivem
1434 1856 1451 1877 ,

164 1907 214 1941 ut
238 1911 286 1942 ea
317 1893 519 1942 aestatem
552 1893 801 1951 evinceret,
833 1905 876 1939 et
904 1905 1055 1940 contra
1086 1893 1187 1940 anni
1220 1894 1447 1942 fervorem

163 1968 473 2015 defenderetur
504 1967 594 2014 loci
621 1967 798 2031 frigore.
826 1967 946 2027 Quid
976 1967 1056 2014 hac
1086 1967 1309 2031 diligentia
1338 1984 1449 2015 con-

162 2040 297 2087 secuti
312 2040 488 2087 sumus?
509 2041 680 2100 Nempe
696 2052 743 2086 ut
760 2039 984 2102 gratuitam
1006 2056 1253 2086 mercemur
1272 2056 1445 2103 aquam.

160 2111 304 2159 Nobis
324 2111 463 2169 dolet,
483 2112 606 2175 quod
626 2111 823 2174 spiritum
840 2146 852 2169 ‚
879 2111 1004 2174 quod
1026 2112 1161 2157 solem
1183 2127 1328 2158 emere
1349 2128 1447 2158 non

160 2181 412 2245 possumus,
444 2198 561 2246 quoe
585 2181 657 2228 hic
683 2183 758 2228 aer
784 2181 912 2228 etiam
937 2181 1128 2227 delicatis
1150 2180 1449 2246 divitibusque

163 2270 217 2301 ex
246 2254 362 2301 facili
395 2271 476 2301 nec
508 2269 650 2300 emtus
675 2253 810 2301 venit.
841 2255 885 2299 O
915 2270 1045 2316 quam
1071 2253 1198 2299 nobis
1232 2253 1343 2300 male
1361 2253 1451 2313 est,

165 2327 286 2390 quod
325 2327 563 2390 quidquam
594 2343 616 2371 a
643 2342 789 2372 rerum
825 2337 975 2372 natura
1003 2325 1046 2372 in
1074 2324 1224 2371 medio
1251 2325 1449 2372 relietum

164 2399 251 2464 estjl
282 2401 384 2450 Hoc
403 2400 524 2465 quod
550 2399 620 2447 illa
639 2397 775 2447 fluere
797 2413 838 2447 et
866 2411 1014 2459 patere
1048 2399 1251 2448 omnibus
1278 2400 1452 2466 voluit,
