1730 2870
222 106 312 151 242
477 93 527 139 L.
568 92 858 150 ANNAm
902 93 1241 139 SENECAE
1279 86 1291 97 ’

219 200 356 261 Saepe
376 209 487 245 terra
503 234 517 257 ,
545 198 576 244 fi
595 196 730 244 facilis
752 196 842 253 est,
877 197 966 259 ipsa
993 199 1038 244 in
1062 199 1207 246 tabem
1233 199 1497 260 resolvitur}

219 281 262 317 et
282 270 502 316 humescit.
521 270 641 316 Idem
659 269 807 316 evenit
827 269 902 316 sub
920 282 1034 317 terra
1050 307 1063 328 ‚
1082 273 1204 335 quod
1222 272 1267 318 in
1286 273 1497 332 nubibus,

218 353 267 390 ut
285 341 506 405 spiffetur,
525 340 866 405 gravioremque
884 340 1015 404 quam
1029 355 1075 389 ut
1096 360 1268 391 manere
1285 344 1329 390 in
1350 356 1499 392 natura

218 415 289 462 sua
324 414 474 477 poffit,
508 414 655 477 gignat
688 415 937 461 humorem.
970 416 1105 478 Saepe
1135 417 1353 481 colligitur
1385 418 1500 466 roris

220 489 388 543 mod0‚
422 488 562 535 tenuis
586 497 629 534 et
656 487 867 550 dispersus
893 489 1043 553 liquor
1059 525 1072 548 ‚
1090 485 1175 554 'qui
1198 508 1250 537 ex
1280 491 1425 538 multis
1451 492 1498 538 in

220 578 360 607 unum
375 560 484 607 locis
504 559 703 608 confluit.
719 561 932 607 Sudorem
952 562 1169 627 aquileges
1187 576 1375 610 vocant:
1394 565 1499 628 quia

219 649 365 697 guttae
387 634 600 697 quaedam
618 634 690 682 vel
709 634 900 696 preffura
918 635 1007 681 loci
1028 635 1270 690 eliduntur,
1292 632 1364 684 vel
1383 638 1499 684 aestu

220 721 478 754 evocantur.
506 707 629 753 Haec
648 707 788 754 tenuis
812 708 927 754 unda
948 708 1027 755 vix
1048 708 1164 755 fonti
1183 708 1349 756 sufficit.
1371 713 1425 757 At
1444 728 1498 758 ex

221 780 389 843 magnis
409 778 542 826 caufis
556 814 569 836 ,
588 779 842 843 magnisque
862 781 1152 843 conceptibus
1177 781 1384 828 excidunt
1403 801 1500 830 am-

221 869 296 910 nes
320 870 331 899 :
360 868 681 915 nonnunquam
710 852 891 906 leviter,
927 852 958 897 fi
990 868 1098 914 aqua
1128 853 1325 916 pondere
1354 853 1431 900 suo
1458 855 1500 901 se

221 938 389 972 tantum
427 923 612 979 detulit·,
646 940 964 988 nonnunquam
1005 925 1292 972 vehementer
1323 938 1367 973 et
1399 943 1500 975 cum

220 998 333 1044 sono
356 998 432 1043 suo
450 1031 464 1054 ‚
497 996 525 1042 si
547 996 662 1042 illam
684 996 854 1059 spiritus
877 996 1153 1044 intermixtus
1171 998 1312 1048 eiecit.

286 1071 412 1115 XV1.
438 1068 520 1114 Sed
541 1084 676 1131 quare
697 1069 873 1133 quidam
899 1069 1046 1116 fontes
1069 1069 1179 1116 senis
1206 1070 1328 1117 horis
1356 1069 1501 1132 pleni,

221 1143 415 1206 senisque
436 1140 538 1188 ficei
557 1141 685 1188 sunt?
717 1143 1050 1204 Supervacuum
1080 1142 1140 1188 est
1169 1141 1396 1188 nominare
1414 1142 1502 1188 fin-

222 1215 318 1278 gula
353 1214 532 1261 flumina
548 1249 561 1272 ‚
592 1230 703 1276 quae
741 1215 867 1261 certis
905 1213 1121 1261 mensibus
1155 1231 1309 1278 magna
1325 1250 1339 1274 ‚
1375 1214 1504 1262 certis

222 1287 397 1352 angusta
417 1286 512 1334 sunt
541 1305 551 1333 :
581 1302 625 1334 et
647 1287 921 1333 occasionem
943 1286 1114 1350 fingulis
1136 1303 1342 1349 quaerere
1357 1323 1370 1345 ‚
1401 1305 1503 1334 cum

223 1362 383 1425 poffim
411 1361 591 1407 eandem
619 1358 788 1406 causam
818 1359 1022 1406 omnibus
1049 1359 1244 1406 reddere.
1273 1361 1504 1420 Quemad-

223 1435 411 1481 modum
442 1445 648 1498 quartana
675 1432 728 1478 ad
755 1433 908 1479 horam
940 1432 1094 1488 venit,
1128 1434 1503 1496 quemadmodum

223 1510 415 1573 podagra
435 1508 488 1554 ad
514 1520 688 1569 tempus
717 1506 978 1568 respondet,
1006 1506 1379 1569 quemadmodum
1401 1523 1505 1568 pur-

221 1581 339 1645 gatio
357 1617 370 1639 ,
397 1580 426 1627 fi
444 1579 553 1626 nihil
573 1578 759 1635 obstitit,
778 1578 931 1625 statum
952 1578 1068 1625 diem
1087 1578 1258 1637 servat,
1290 1580 1503 1641 quemad-

223 1655 407 1701 modum
425 1651 593 1716 praesto
608 1651 668 1698 est
684 1652 738 1697 ad
756 1651 948 1699 mensem
966 1652 1087 1698 suum
1106 1666 1279 1715 partus:
1296 1650 1351 1698 fic
1368 1669 1504 1714 aquae

223 1727 451 1775 intervalla
473 1727 655 1782 habent,
673 1725 830 1786 quibus
847 1725 1145 1783 feretrahant,
1165 1735 1208 1772 et
1225 1723 1382 1787 quibus
1400 1726 1503 1772 red-

224 1801 338 1845 dant.
359 1798 587 1859 Quaedam
606 1809 747 1843 autem
761 1797 991 1842 intervalla
1010 1796 1180 1843 minora
1202 1795 1296 1843 sunt
1309 1827 1322 1851 ‚
1340 1808 1381 1842 et
1400 1795 1503 1842 ideo

225 1871 432 1917 notabilia
449 1870 683 1933 :quaedam
704 1868 896 1926 maiora,
916 1885 995 1915 nec
1015 1869 1158 1914 minus
1179 1880 1309 1915 certa.
1326 1870 1380 1914 Et
1395 1868 1504 1931 quid

153 1969 163 1978 ·
222 1944 312 1991 hoc
333 1944 491 1990 mirum
511 1943 572 1990 est
585 1979 598 2000 ‚
628 1960 727 1990 cum
747 1942 899 1989 videas
918 1942 1123 1989 ordinem
1143 1958 1290 1989 rerum
1310 1953 1353 1988 et
1374 1957 1502 1988 natu-

223 2034 313 2065 ram
335 2035 414 2081 per
436 2018 670 2065 constituta
691 2017 958 2081 procedere?
973 2016 1123 2063 Hiems
1140 2033 1360 2078 nunquam
1379 2015 1505 2061 aber-

224 2091 353 2137 ravit.
389 2089 536 2137 Aestas
556 2090 634 2137 suo
663 2105 864 2153 ternpore
893 2089 1131 2135 incanduit.
1151 2088 1391 2146 Autumni,
1420 2105 1504 2136 ve-

224 2165 387 2228 risque,
422 2179 472 2213 ut
500 2165 607 2213 solet
624 2199 638 2220 ‚
659 2164 766 2211 fac‘ffi
795 2164 980 2211 mutatio
1010 2163 1084 2210 est.
1103 2164 1216 2210 Tam
1244 2163 1465 2210 solstitium
1487 2198 1503 2219 ,

224 2255 354 2300 quam
387 2238 708 2303 aequinoffium
729 2274 744 2297 .‚
774 2237 874 2284 suos
905 2237 997 2283 dies
1029 2237 1188 2283 retulit.
1215 2238 1323 2282 Sunt
1351 2247 1393 2282 et
1422 2235 1499 2282 sub

223 2321 336 2356 terra
356 2312 498 2358 minus
519 2323 622 2358 nota
647 2310 774 2357 nobis
792 2311 886 2356 iura
914 2321 1116 2366 naturae,
1147 2309 1221 2355 sed
1248 2325 1337 2354 non
1358 2306 1501 2352 minus

224 2396 354 2433 certa.
375 2384 519 2433 Crede
536 2384 647 2432 infra
664 2419 679 2442 ,
695 2383 909 2448 quidquid
929 2383 1053 2434 vides
1070 2383 1208 2447 supra.
1225 2383 1332 2429 Sunt
1351 2391 1393 2428 et
1410 2378 1499 2426 illic
