1730 2870
506 178 1082 226 EPISTOLAE.
1367 195 1424 239 μ

163 288 280 336 fitata
312 283 443 349 spatia
469 300 724 348 camporum
742 321 757 341 ‚
776 297 817 331 et
836 285 1017 348 irriguas
1034 282 1293 346 perennibus
1311 285 1434 347 aquis

160 362 322 417 valles,
353 372 396 406 et
430 359 608 406 alicuius
643 358 834 405 fluminis
865 358 940 404 sub
970 358 1273 406 observatione
1308 371 1432 403 natu-

160 449 277 477 ram:
298 431 385 478 five
399 468 412 489 ,
430 445 476 477 ut
494 431 644 488 Nilus,
661 431 827 477 aestivo
847 432 1118 478 incremento
1139 443 1303 484 tume13
1324 431 1430 487 five,

161 516 208 550 ut
247 504 421 566 Tigris,
457 503 636 566 eripitur
667 520 719 548 ex
751 501 916 557 oculis,
955 514 996 547 et
1027 503 1125 547 aiio
1154 518 1232 563 per
1264 500 1434 546 occulta

160 575 313 631 cursu,
332 576 523 638 integrae
553 574 838 637 magnitudini
863 575 1078 626 redditur3
1100 573 1187 620 live
1203 609 1217 629 ‚
1246 586 1293 618 ut
1312 576 1434 617 Mae-

160 649 321 702 ander,
348 649 575 709 poetarum
596 647 796 692 omnium
817 647 1070 691 exercitatio
1102 662 1144 691 et
1167 645 1319 702 ludus,
1346 645 1432 689 im-

160 719 342 781 plicatur
357 721 516 767 crebris
531 719 809 773 anfraftibuffi
832 729 874 764 et
888 718 1008 780 saepe
1025 718 1071 764 in
1089 718 1285 766 vicinum
1305 717 1434 762 alveo

159 792 237 837 suo
257 792 482 846 admotus,
511 807 741 854 antequam
761 790 837 836 sibi
858 790 1036 847 influat,
1072 789 1284 843 flefiitur3
1313 802 1432 833 cete-

161 882 256 910 rum
285 881 426 927 neque
445 861 673 911 meliorem
702 863 855 919 faciet,
891 880 1029 926 neque
1059 863 1287 910 saniorem.
1319 864 1434 906 Inter

158 934 298 982 studia
319 937 573 983 versandum
592 937 678 992 est,
706 948 748 980 et
766 936 876 982 inter
895 937 1090 982 auctores
1110 935 1337 998 sapientiae
1352 970 1364 990 ‚
1385 945 1434 979 ut

160 1009 348 1071 quaesita
371 1009 605 1064 discamus,
634 1009 833 1054 nondum
858 1008 1036 1055 inventa
1058 1024 1327 1071 quaeramus.
1363 1007 1433 1053 Sic

159 1082 413 1128 eximendus
430 1083 601 1129 animus
624 1099 678 1130 ex
706 1081 944 1128 miserrima
969 1082 1173 1128 servitute
1190 1118 1204 1138 ,
1232 1082 1277 1127 in
1306 1082 1434 1127 liber-

156 1165 286 1200 tatem
307 1154 515 1201 asseritur.
545 1155 770 1214 Quamdiu
796 1155 971 1218 quidem
998 1155 1217 1210 nescieris,
1236 1153 1342 1216 quid
1357 1152 1432 1199 fu-

158 1227 394 1289 giendum,
421 1227 525 1290 quid
560 1230 819 1289 petendum,
854 1228 957 1291 quid
984 1227 1295 1285 necessarium,
1328 1226 1435 1288 quid

156 1301 471 1362 supervacuum
487 1338 500 1359 ‚
524 1302 627 1363 quid
646 1301 802 1348 iustum
819 1335 832 1357 ‚
861 1303 967 1365 quid
985 1302 1215 1348 honestum
1241 1302 1288 1347 fit
1313 1318 1323 1347 z
1343 1317 1435 1346 non

156 1373 238 1419 erit
269 1375 354 1420 hoc
387 1374 680 1436 peregrinari,
720 1374 792 1421 sed
816 1392 970 1422 errare,
1000 1375 1172 1420 Nullam
1197 1374 1275 1421 tibi
1301 1390 1432 1435 opem

157 1444 266 1491 feret
287 1445 361 1493 iste
389 1446 619 1493 discursus:
642 1447 926 1509 peregrinaris
950 1448 1064 1493 enim
1087 1464 1186 1494 cum
1212 1445 1435 1493 affectibus

154 1518 265 1574 tuis,
301 1533 344 1566 et
370 1521 479 1566 mala
508 1536 549 1566 te
578 1535 650 1567 tua
673 1522 921 1583 lequuntur.
948 1522 1125 1568 Utinam
1157 1521 1335 1584 quidem
1366 1519 1433 1565 se„-

155 1593 415 1653 querentur!
442 1594 613 1656 longius
632 1594 823 1640 abessent
844 1613 854 1640 ε
878 1612 991 1641 nunc
1013 1593 1097 1640 fers
1116 1595 1184 1639 illa
1202 1629 1215 1650 ‚
1240 1609 1331 1638 non
1353 1592 1434 1637 du-

154 1666 230 1714 cis.
250 1669 398 1729 Itaque
419 1668 577 1730 ubique
595 1680 637 1714 te
664 1684 891 1729 premunt,
914 1683 958 1716 et
984 1668 1159 1731 paribus
1179 1668 1434 1713 incommo-

156 1740 221 1786 dis
254 1754 396 1786 urunt.
432 1741 650 1786 Medicina
683 1757 846 1804 aegro,
887 1758 977 1787 non
1011 1741 1161 1803 regio,
1188 1737 1433 1800 quaerenda

155 1813 230 1861 ΕΗ.
262 1812 404 1875 Fregit
432 1813 585 1875 aliquis
605 1830 728 1870 crus,
759 1830 831 1861 aut
861 1814 1037 1862 extorsit
1055 1811 1317 1858 articulum?
1340 1826 1430 1855 non

155 1885 405 1934 vehiculum
433 1901 676 1947 navemque
708 1884 992 1942 conscendit,
1025 1885 1096 1933 sed
1120 1885 1308 1931 advocat
1334 1900 1428 1929 me-

157 1957 335 2013 dicum,
365 1968 412 2003 ut
430 1957 561 2004 fracta
584 1974 681 2020 pars
710 1958 936 2020 iungatur,
968 1972 1014 2003 ut
1036 1958 1179 2003 luxata
1204 1956 1247 2000 in
1277 1956 1428 2002 locum

159 2045 409 2090 reponatur.
428 2030 550 2088 Quid
567 2033 704 2091 ergo?
736 2029 926 2075 animum
942 2065 955 2085 ‚
977 2040 1042 2073 tot
1058 2029 1166 2074 locis
1186 2026 1366 2073 fractum
1387 2039 1430 2071 et

157 2115 407 2157 extortum,
430 2103 571 2149 credis
601 2102 805 2148 locorum
838 2102 1081 2147 mutatione
1113 2100 1236 2163 poffe
1262 2099 1426 2146 sanari?

91 2227 99 2236 Ι
157 2173 293 2220 maius
315 2173 374 2219 est
393 2174 502 2221 istud
531 2175 690 2221 malum
708 2210 722 2233 ‚
747 2191 877 2237 quam
904 2186 953 2220 ut
981 2173 1217 2236 gestatione
1243 2187 1430 2218 curetur.

158 2246 457 2308 Peregrinatio
487 2264 577 2292 non
615 2247 720 2314 facit
755 2247 1002 2303 medicum,
1040 2262 1130 2308 non
1164 2256 1385 2291 oratorem
1418 2261 1432 2290 ε

157 2318 273 2364 nulla
301 2335 369 2364 ars
391 2319 495 2365 loco
515 2316 704 2366 discitur.
733 2320 855 2379 Quid
877 2320 1010 2382 ergo?
1044 2318 1258 2381 Sapientia
1284 2335 1430 2365 rerum

157 2391 357 2439 omnium
382 2392 568 2438 maxima
585 2392 632 2439 in
647 2392 798 2438 itinere
819 2392 1077 2456 colligetur?
1109 2391 1289 2438 Nullum
1307 2427 1319 2447 ‚
1337 2392 1429 2438 mi·-

155 2464 202 2516 bi
226 2465 375 2526 crede,
400 2465 483 2514 iter
511 2464 598 2523 est,
629 2465 752 2530 quod
778 2476 819 2512 te
842 2479 962 2513 extra
988 2464 1276 2528 cupiditates,
1307 2476 1430 2513 extra
