1730 2870
99 152 135 174 (1.

375 125 632 172 NATUR.
684 109 982 185 QUAEST.
1037 124 1153 170 Lm.
1192 124 1266 170 111.
1377 131 1471 184 ψ’

188 230 361 296 quoties
387 231 441 278 ad
475 231 662 277 humana
698 229 931 287 reciderit-2,
968 244 1058 275 non
1085 228 1210 276 aliter
1238 226 1475 292 caligabis‚⁴

187 321 321 367 quam
347 318 537 365 quorum
561 300 679 348 oculi
701 302 746 346 in
768 301 944 348 densam
959 302 1161 348 umbram
1179 317 1233 348 ex
1248 299 1362 347 claro
1381 299 1474 346 sole

189 376 369 422 rediere.
392 373 513 434 Quid
529 372 589 420 est
604 373 912 436 praecipuum?
943 374 1069 420 Posse
1088 374 1204 420 laeto
1222 372 1373 419 animo
1390 372 1471 419 ad-

189 448 311 495 versa
341 447 561 493 tolerare:
597 446 812 509 quidquid
841 448 1076 506 acciderit,
1105 447 1163 494 fic
1182 446 1294 494 ferre
1313 482 1327 503 ,
1355 445 1472 510 quast

190 519 268 566 tibi
289 520 487 567 volueris
506 520 713 568 accidere.
746 520 980 568 Debuiffes
1008 519 1126 566 enim
1150 519 1290 577 velih,
1320 518 1351 564 si
1370 517 1473 566 scis÷

191 591 255 639 ses
281 593 428 639 omnia
457 611 511 640 ex
547 594 724 640 decreto
746 593 835 640 Dei
862 592 973 641 fieri.
1002 593 1147 649 Flere,
1172 591 1326 656 queri,
1351 591 1474 654 inge-

191 680 335 722 mere,
362 664 594 713 desciscere
613 664 682 711 est.
710 664 831 725 Quid
856 664 917 712 est
938 662 1256 727 praecipuum?
1289 662 1476 709 Animus
1538 664 1542 671 “

191 748 346 783 contra
365 736 622 783 calamitates
642 735 769 783 fortis
789 749 832 782 et
858 747 1098 782 contumax
1116 770 1130 793 ‚
1159 734 1358 782 luxuriae
1382 749 1476 780 non

192 810 393 857 adversus
407 822 576 856 tantum
590 845 603 865 ‚
618 809 690 856 sed
709 822 752 856 et
770 808 948 856 infestus
967 826 978 855 τ
999 826 1080 856 nec
1100 809 1254 856 avidus
1271 807 1479 870 periculi}

192 898 274 928 nec
302 882 460 946 fugax,
489 883 563 946 qui
585 882 688 928 sciat
715 881 941 928 fortunam
975 898 1067 928 non
1101 881 1376 944 exspedhre,
1400 880 1475 927 sed

192 952 336 1000 facere
357 971 368 1000 ε
402 966 443 999 et
461 953 664 1001 adversus
682 968 912 1016 utramque
936 953 1178 1016 intrepidus
1198 952 1475 1000 inconfusus-

193 1043 280 1090 que
308 1027 514 1089 prodire,
545 1043 626 1074 nec
649 1026 764 1073 iilius
797 1025 1010 1084 tumultu,
1042 1042 1123 1073 nec
1149 1024 1276 1072 huius
1306 1024 1478 1088 fulgore

193 1099 425 1162 percussus.
461 1098 583 1160 Quid
613 1099 673 1145 est
704 1098 1028 1162 praecipuum?
1058 1116 1150 1146 non
1178 1098 1407 1146 admittere
1431 1097 1480 1143 in

192 1173 384 1218 animum
407 1174 516 1218 mala
536 1173 713 1221 confilia
729 1209 742 1227 ‚
773 1189 902 1235 puras
932 1173 986 1219 ad
1013 1172 1188 1221 coelum
1213 1170 1365 1218 manus
1391 1170 1479 1218 tol-

192 1244 280 1293 lere
299 1264 310 1292 :
333 1247 498 1292 nullum
522 1262 670 1310 petere
691 1245 860 1293 bonum
878 1281 891 1302 ,
921 1246 1043 1309 quod
1062 1258 1110 1293 ut
1129 1244 1184 1293 ad
1202 1260 1245 1293 te
1263 1244 1446 1292 transeat
1463 1254 1481 1303 ,’

192 1321 351 1385 aliquis
385 1323 486 1368 dare
509 1322 636 1368 debet
653 1355 666 1379 ,
698 1320 852 1384 aliquis
869 1321 1068 1368 amittere
1091 1336 1102 1364 :
1131 1332 1317 1383 optare,
1354 1318 1480 1383 quod

192 1393 280 1441 fine
315 1395 565 1444 adversario
609 1406 815 1457 optatur,
859 1394 1023 1440 bonam
1059 1406 1292 1440 mentem:
1338 1404 1482 1441 cetera

191 1483 354 1531 magno
387 1468 606 1515 aestimata
633 1466 922 1524 mortalibus,
953 1465 1117 1512 etiamsi
1160 1466 1258 1529 quis
1295 1465 1483 1512 domum

194 1540 312 1587 casus
331 1541 520 1587 attulerit
536 1577 548 1598 ‚
573 1540 631 1587 sic
648 1539 806 1586 intueri
825 1575 837 1595 ‚
870 1538 988 1601 quafi
1012 1539 1210 1603 exitum,
1241 1554 1327 1602 qua
1345 1553 1483 1586 vene·-

191 1613 292 1659 rint.
322 1614 447 1674 Quid
466 1613 526 1659 est
554 1612 867 1675 praecipuum?
899 1612 1024 1658 Altos
1053 1612 1178 1674 supra
1197 1610 1378 1659 fortuita
1397 1610 1484 1673 spi-

191 1685 301 1732 ritus
331 1686 530 1733 attollere
558 1704 569 1732 2
603 1685 796 1732 hominis
830 1684 1103 1740 meminiffe,
1142 1697 1225 1742 ut,
1256 1683 1344 1733 five
1378 1682 1486 1731 felix

194 1759 280 1807 eris
296 1796 311 1816 ‚
338 1760 443 1806 scias
463 1759 552 1807 hoc
573 1775 664 1805 non
689 1758 890 1806 futurum
919 1759 1022 1814 diu3
1056 1758 1146 1806 five
1163 1756 1346 1814 infelix,
1378 1756 1486 1805 scias

193 1833 281 1880 hoc
303 1847 346 1880 te
368 1850 459 1879 non
481 1833 565 1879 esse
581 1869 594 1890 ‚
621 1833 650 1878 fi
672 1849 762 1880 non
782 1845 917 1895 putes.
938 1832 1065 1893 Quid
1086 1832 1147 1879 est
1164 1831 1490 1896 praecipuum?

193 1904 239 1952 ‘m
257 1905 410 1967 primis
430 1905 559 1951 labris
589 1905 779 1952 animam
799 1906 967 1953 habere.
1007 1906 1127 1952 Haec
1149 1921 1218 1952 res
1244 1905 1376 1952 efficit
1394 1922 1489 1952 non

195 1995 220 2026 e
250 1979 343 2027 iure
363 1979 610 2038 Quiritium
639 1980 852 2038 liberum,
886 1980 956 2026 sed
981 1997 1005 2026 e
1026 1980 1118 2027 iure
1139 1994 1329 2026 naturae.
1353 1978 1486 2027 Liber

193 2064 338 2099 autem
363 2052 423 2098 est
441 2089 454 2111 ‚
483 2053 557 2116 qui
582 2053 839 2101 servitutem
878 2053 1030 2117 effugit
1050 2054 1135 2101 sui.
1157 2055 1279 2101 Haec
1300 2052 1362 2102 est
1384 2054 1487 2102 affi-

197 2126 282 2172 dua
307 2126 518 2182 servitus,
558 2139 601 2174 et
627 2126 940 2186 ineluetabilis,
968 2140 1012 2174 et
1038 2145 1117 2191 pet
1152 2128 1269 2175 diem
1296 2144 1347 2176 ac
1374 2145 1486 2178 noc-2

195 2212 286 2245 tem
321 2200 555 2261 aequaliter
574 2216 802 2261 premens,
833 2200 920 2247 fine
949 2200 1212 2261 intervallo,
1240 2201 1328 2249 fine
1358 2220 1485 2251 com-

196 2285 356 2319 meatu.
390 2274 479 2319 Sibi
515 2273 697 2332 servire,
733 2274 979 2338 graviffima
1009 2273 1195 2322 servitus
1227 2275 1324 2323 est:
1350 2294 1483 2340 quam

196 2344 409 2392 discutere
438 2345 563 2393 facile
589 2347 649 2393 est
668 2379 680 2402 ,
714 2346 743 2392 {i
772 2346 947 2394 desieris
978 2347 1112 2394 multa
1135 2359 1178 2394 te
1211 2349 1421 2411 poscere,
1451 2351 1489 2397 fi„

180 2416 368 2473 defletis
387 2419 465 2467 tibi
493 2419 654 2484 referre
676 2421 951 2483 mercedem,
977 2420 1006 2470 fi
1034 2434 1134 2469 ante
1152 2423 1311 2472 oculos
1331 2439 1375 2473 et
1404 2440 1484 2487 naz

1123 2496 1224 2557 Pa}
