1730 2870
288 156 379 202 „2³36
524 158 572 203 L.
628 156 918 202 ANNAffl
970 158 1324 204 SENECAE

280 266 407 314 cuius
434 264 634 312 haustum
662 265 777 312 vitae
800 265 1026 327 publicum
1056 266 1159 313 fecit
1184 268 1305 323 3hoc
1326 268 1450 331 quod
1476 280 1561 315 tam

279 341 455 387 homini
468 376 480 395 ,
500 357 630 402 quarn
652 339 753 386 feris
770 340 1009 403 avibusque
1023 377 1036 397 ‚
1057 353 1099 388 et
1115 341 1374 388 inertiffimis
1394 342 1561 388 anima-

277 414 415 471 iibus,
436 412 481 458 in
502 411 622 458 usum
645 411 758 474 large
784 427 834 457 ac
853 412 976 458 beate
994 411 1191 474 profudit
1206 449 1218 469 ‚
1241 425 1392 460 contra
1421 414 1462 460 se
1490 414 1560 461 in-

277 486 455 552 geniosa
482 484 651 531 luxuria
680 483 849 546 redegit
872 485 926 530 ad
957 484 1161 548 pretium.
1187 487 1316 533 Adeo
1338 487 1442 533 nihil
1474 504 1559 550 po—

277 559 359 606 test
387 557 446 604 illi
468 557 668 619 placere,
693 554 768 602 nifi
789 573 955 603 carum.
992 558 1143 602 Unum
1173 556 1259 602 hoc
1290 571 1407 616 erat,
1435 559 1559 621 quod

273 631 437 678 divites
458 631 502 676 in
519 645 704 693 aequum
724 628 877 674 turbae
899 628 1151 685 deduceret,
1170 645 1263 690 quo
1281 646 1370 676 non
1390 631 1559 693 poss'ent

274 703 532 750 antecedere
562 701 906 764 pauperrimum.
947 700 1008 746 lui
1040 700 1110 747 cui
1144 700 1322 748 divitiae
1353 703 1558 750 molestae

275 777 394 832 sunt,
425 774 720 838 excogitatum
757 772 844 831 est,
880 773 1251 836 quemadmodum
1281 774 1412 821 etiam
1444 792 1554 840 aqua

271 861 452 911 caperet
475 846 707 893 luxuriam.
739 847 870 891 Unde
904 846 957 891 ad
988 847 1075 892 hoc
1102 862 1368 908 perventum
1399 849 1477 904 fit,
1508 861 1555 895 ut

272 921 387 967 nulia
416 919 544 966 110st
566 934 678 981 aqua
697 917 791 963 satis
818 916 975 980 frigida
995 918 1223 966 videretur
1244 937 1353 982 quae
1375 919 1552 979 flueret,

271 996 429 1041 dicam.
462 991 693 1052 Quamdiu
717 991 839 1036 sanus
867 1004 910 1037 et
927 991 1101 1038 salubris
1121 992 1209 1039 cibi
1236 1009 1370 1054 capax
1391 993 1554 1039 stoma·

270 1068 377 1114 chus
400 1065 489 1124 est,
526 1065 818 1127 impleturque
835 1099 849 1119 ,
885 1080 976 1109 non
1012 1066 1220 1127 premitur
1241 1099 1255 1121 ‚
1289 1067 1550 1113 naturalibus

267 1138 476 1186 {eruentis
500 1150 732 1185 contentus
754 1135 826 1182 est.
855 1137 947 1182 Ubi
976 1138 1243 1200 quotidianis
1271 1139 1551 1186 cruditatibus

268 1230 361 1261 non
401 1210 611 1274 temporis
645 1209 804 1265 aestus,
840 1210 911 1258 sed
942 1209 1041 1257 suos
1075 1206 1229 1268 sentit,
1261 1211 1335 1257 ubi
1367 1212 1548 1258 ebrietas

266 1285 477 1333 continua
506 1283 745 1331 visceribus
781 1283 965 1340 insedit,
993 1296 1036 1330 et
1071 1285 1324 1346 praecordia
1351 1284 1435 1330 bile
1452 1319 1466 1342 ‚
1501 1285 1546 1331 in

265 1376 398 1423 quam
417 1357 628 1415 vertitur,
652 1368 816 1414 torret,
844 1355 1006 1419 aliquid
1033 1355 1272 1401 necessario
1293 1355 1512 1419 quaeritur
1529 1391 1543 1413 ‚

263 1449 357 1497 quo
382 1431 519 1477 aestus
548 1431 618 1477 ille
639 1430 884 1492 frangatur,
916 1428 992 1491 qui
1019 1427 1120 1491 ipfis
1150 1429 1272 1492 aquis
1297 1428 1544 1486 incalescit,

262 1505 467 1553 remediis
502 1504 653 1551 incitat
672 1502 847 1549 vitium.
869 1505 1020 1564 ltaque
1048 1518 1139 1547 non
1169 1501 1321 1549 aestate
1340 1515 1507 1547 tantum
1527 1536 1542 1558 ‚

263 1579 335 1625 sed
356 1591 398 1625 et
426 1576 568 1623 media
599 1576 744 1622 hieme
770 1574 919 1620 nivem
947 1574 1028 1621 hac
1062 1574 1184 1622 causa
1217 1574 1383 1621 bibunt.
1413 1577 1541 1634 Quae

263 1652 391 1698 huius
416 1649 479 1697 rei
501 1648 623 1697 causa
650 1647 735 1705 est,
767 1646 844 1694 nisi
864 1646 1114 1694 intestinum
1141 1646 1302 1693 malum
1320 1684 1334 1705 ‚
1365 1659 1407 1693 et
1435 1648 1537 1693 luxu

262 1737 471 1787 corrupta
508 1720 765 1785 praecordia
783 1753 797 1776 ‚
846 1720 1004 1785 quibus
1049 1720 1216 1767 nullum
1259 1720 1538 1768 intervallum

258 1815 454 1861 unquam
483 1813 575 1861 quo
597 1795 984 1860 interquiescerent
1002 1832 1015 1854 ,
1033 1796 1182 1842 datum
1208 1794 1294 1851 est,
1321 1795 1391 1841 sed
1412 1811 1540 1857 pran-

259 1871 327 1918 dia
354 1870 504 1920 coenis
523 1869 656 1932 usque
684 1868 727 1914 in
757 1868 897 1915 lucem
925 1868 1139 1931 perduffis
1159 1867 1320 1931 ingesta
1340 1869 1464 1923 sunt,
1494 1879 1537 1914 et

259 1945 468 1993 distentos
496 1944 626 2005 copia
662 1942 931 1989 ferculorum
964 1959 1013 1988 ac
1040 1942 1249 1989 varietate
1281 1941 1535 1989 comessatio

256 2019 382 2065 altius
408 2014 584 2062 mersit?
617 2015 793 2062 Deinde
814 2031 1037 2076 nunquam
1057 2013 1292 2059 intermissa
1319 2014 1534 2077 intempe-

256 2091 392 2138 rantia
411 2127 423 2148 ,
441 2088 657 2153 quidquid
675 2100 772 2133 ante
795 2088 1030 2133 decoxerat
1043 2123 1056 2144 ‚
1080 2084 1277 2133 efferavit
1294 2121 1306 2142 ‚
1327 2100 1369 2133 et
1388 2086 1432 2131 in
1452 2086 1532 2134 de-

255 2163 456 2210 siderium
477 2164 646 2224 semper
665 2160 773 2206 novi
798 2160 956 2223 rigoris
973 2160 1177 2206 accendit.
1212 2161 1359 2222 Itaque
1378 2175 1531 2221 quam-

255 2237 324 2283 vis
355 2235 664 2283 coemtionem
698 2234 807 2281 velis
833 2250 881 2279 ac
909 2233 1204 2296 specularibus
1234 2233 1459 2288 muniant,
1486 2244 1531 2278 et

256 2308 358 2372 igue
394 2309 535 2355 multo
577 2309 761 2354 doment
792 2308 980 2355 hiemem
1001 2345 1012 2363 ,
1054 2308 1337 2355 nihilominus
1370 2309 1526 2356 stoma-

254 2383 376 2441 chus*
399 2382 468 2428 ille
505 2381 665 2428 solutus
685 2417 699 2439 ‚
731 2393 773 2428 et
808 2380 922 2427 aestu
954 2381 1032 2428 suo
1067 2382 1294 2445 languidus
1313 2417 1326 2438 ‚
1361 2382 1528 2445 quaerit

254 2454 417 2519 aliquid
446 2471 538 2519 quo
565 2454 766 2518 erigatur.
792 2456 907 2502 Nam
929 2454 1036 2502 ficut
1061 2455 1212 2502 animo
1239 2454 1408 2503 relikios
1435 2455 1526 2503 stu-
