1730 2870
263 130 356 180 3η
488 118 1320 170 L.ANNAEISENECAE

259 228 442 289 buntur,
474 244 557 274 nec
581 226 820 290 quidquam
849 238 990 274 tutum
1015 245 1040 274 a
1063 229 1277 276 seneRute
1312 229 1387 278 est.
1425 233 1546 280 Haec

259 301 395 348 solida
419 316 601 364 quoque
620 316 664 347 et
687 299 832 363 magni
849 301 1025 347 roboris
1043 303 1194 364 carpit.
1219 305 1370 366 Itaque
1386 321 1545 367 quem-

258 375 498 422 admodum
521 374 566 419 in
589 372 800 420 aedificiis
833 375 1065 422 veteribus
1091 377 1304 439 quaedam
1339 395 1429 425 non
1449 396 1547 442 per-

260 447 375 495 cuss'a
408 459 556 493 tamen
587 446 828 502 decidunt,
863 463 962 493 cum
995 447 1091 508 plus
1118 450 1327 510 ponderis
1356 452 1546 500 habuere

259 537 390 584 quam
415 519 604 568 virium:
647 519 704 565 ita
730 520 774 565 in
811 519 903 566 hoc
936 520 1147 568 universo
1177 533 1317 570 terrae
1352 541 1547 586 corpore

258 594 437 650 evenit,
471 606 521 640 ut
548 605 690 655 partes
724 593 818 639 eius
844 593 1059 641 vetustate
1094 594 1319 642 solvantur
1336 631 1351 654 ,
1377 598 1546 647 solutae

259 668 417 733 cadant
433 701 446 722 ,
471 678 515 713 et
544 681 781 713 tremorem
803 667 1097 728 superioribus
1117 667 1326 716 afferant:
1351 673 1545 734 primum

259 741 365 788 dum
404 741 642 789 abscedunt
681 738 821 804 (nihil
849 741 969 787 enim
1009 742 1160 805 utique
1205 760 1412 806 magnum
1456 747 1545 795 fine

259 827 388 862 motu
417 814 537 872 eius,
573 813 645 861 cui
668 813 827 869 haesit,
844 814 1137 879 abscinditur)
1163 816 1321 862 deinde
1343 836 1443 865 cum
1463 821 1544 868 de-

261 888 463 935 ciderunt
476 923 493 944 ,
510 886 652 935 solido
668 899 875 950 exceptae
894 887 1108 945 resiliant,
1128 889 1240 951 pilae
1257 906 1408 948 more;
1431 910 1543 956 quae

258 976 358 1008 cum
380 958 538 1007 cecidit
554 958 754 1017 exsultat,
774 976 823 1006 ac
843 959 1008 1019 saepius
1035 961 1234 1022 pellitur,
1252 964 1414 1012 totiens
1431 983 1454 1012 a
1471 966 1542 1013 so-

259 1031 306 1078 lo
324 1031 370 1077 in
395 1048 563 1078 novum
585 1031 798 1094 impetum
824 1031 959 1077 missa.
983 1033 1026 1078 Si
1052 1050 1163 1079 vero
1183 1034 1229 1080 in
1249 1033 1542 1098 stagnantibus

257 1105 382 1169 aquis
398 1106 535 1152 delata
555 1104 677 1160 sunt,
698 1104 771 1151 hic
794 1104 883 1167 ipse
905 1105 1024 1153 casus
1045 1105 1190 1153 vicina
1209 1110 1406 1157 concutit
1428 1110 1542 1159 fluc-

258 1192 335 1237 ω,
367 1197 497 1243 quem
525 1178 712 1226 subitum
743 1177 1003 1243 vastumque
1030 1178 1188 1246 illisum
1218 1197 1274 1228 ex
1301 1182 1393 1231 alto
1421 1199 1542 1247 pon-

258 1253 338 1299 dus
368 1252 497 1301 eiieit.
1222 1269 1225 1271 ·

323 1327 403 1373 XI.
431 1324 626 1386 Quidam
654 1325 829 1389 ignibus
861 1325 1040 1391 quidem
1072 1325 1280 1391 affignant
1307 1326 1425 1374 hunc
1452 1340 1540 1375 tre-

257 1417 456 1458 morem,
472 1400 546 1448 sed
565 1401 699 1447 aliter.
719 1402 832 1447 Nam
857 1417 958 1448 cum
979 1400 1176 1463 pluribus
1193 1400 1303 1449 locis
1321 1399 1539 1460 ferveant,

255 1473 426 1521 neceffe
444 1473 504 1520 est
521 1474 739 1537 ingentem
755 1490 968 1536 vaporem
990 1473 1077 1519 fine
1095 1473 1211 1521 exitu
1229 1475 1416 1522 volvant
1428 1509 1441 1530 ,
1461 1474 1540 1538 qui

254 1547 303 1595 vi
323 1547 392 1593 sua
410 1545 606 1608 spiritum
627 1545 811 1592 intendit
829 1564 839 1592 :
862 1558 907 1592 et
926 1545 957 1591 si
976 1546 1115 1593 acrius
1133 1545 1311 1604 institit,
1331 1546 1538 1610 oppofita

253 1620 459 1669 diffundit
479 1640 489 1668 :
516 1621 544 1667 fi
565 1636 676 1669 vero
698 1619 912 1667 remiffior
930 1619 1038 1675 fuit,
1061 1619 1172 1666 nihil
1190 1621 1375 1683 amplius
1403 1639 1537 1684 quam

253 1709 424 1744 movet.
464 1696 680 1743 Videmus
714 1711 872 1757 aquam
911 1695 1142 1757 spumare,
1180 1695 1282 1758 igne
1326 1695 1537 1744 subieew.

253 1769 394 1828 Quod
423 1768 468 1815 in
500 1767 581 1815 hac
615 1783 726 1831 aqua
755 1766 860 1814 facit
891 1766 1053 1814 inclusa
1087 1779 1132 1813 et
1157 1767 1359 1830 angusta,
1394 1767 1536 1815 multo

251 1839 391 1903 magis
419 1839 542 1886 illum
564 1839 706 1886 facere
730 1839 956 1886 credamus
973 1873 987 1897 ,
1016 1854 1117 1885 cum
1138 1838 1358 1885 violentus
1374 1855 1424 1885 ac
1451 1855 1534 1886 va-

253 1910 338 1958 stus
373 1911 566 1974 ingentes
602 1928 732 1975 aquas
769 1910 942 1958 excitat.
974 1910 1104 1956 Tunc
1138 1909 1210 1955 ille
1245 1910 1535 1972 vaporatione

249 1982 556 2030 inundantium
580 2000 788 2046 aquarum
808 2014 822 2038 ‚
843 1981 1059 2046 quidquid
1077 1979 1336 2043 pulsaverim
1353 1981 1499 2043 agitat.

317 2058 418 2105 ΧΠ.
437 2057 647 2120 Spiritum
667 2057 750 2104 effe
771 2057 850 2121 qui
870 2068 1080 2111 moveat,
1097 2067 1142 2102 et
1163 2055 1359 2118 plurimis
1377 2067 1420 2102 et
1435 2072 1532 2103 ma-

248 2132 380 2179 ximis
409 2133 655 2179 austoribus
685 2132 839 2193 placet.
871 2131 1108 2178 Archelaus
1136 2129 1402 2192 antiquitatis
1432 2130 1532 2177 dili-

250 2221 354 2268 gens
370 2237 384 2260 ‚
413 2206 472 2251 ait
504 2205 561 2252 ita
582 2223 593 2251 :
615 2205 752 2251 Venti
784 2205 831 2250 in
856 2219 1055 2251 concava
1076 2215 1290 2249 terrarum
1320 2202 1532 2249 deferun-

249 2288 352 2323 tur:
381 2276 538 2323 deinde
560 2276 634 2323 ubi
660 2275 745 2321 iam
772 2275 921 2321 omnia
947 2274 1079 2338 spatia
1101 2275 1228 2338 plena
1257 2275 1380 2331 sunt,
1411 2288 1454 2321 et
1483 2275 1531 2322 in

246 2360 457 2411 quantum
479 2351 552 2395 aer
581 2349 748 2412 potuit,
776 2349 974 2396 densatus
1005 2348 1093 2403 est,
1123 2349 1158 2395 is
1176 2349 1253 2411 qui
1280 2348 1530 2410 supervenit

245 2421 445 2484 spiritus,
479 2423 675 2485 priorem
706 2422 866 2486 premit
894 2436 937 2470 et
964 2422 1111 2481 elidit,
1143 2440 1194 2469 ac
1223 2421 1528 2485 frequentibus
