1730 2870
321 160 381 201 80
557 155 604 201 L,
657 152 947 200 ANNAEI
1002 153 1353 203 SENECAE

314 261 431 308 rium
463 260 711 307 animalium
737 259 854 306 effe:
881 261 969 306 hoc
994 274 1037 307 et
1060 260 1136 322 ipsi
1170 261 1370 310 fatentur.
1408 263 1591 312 Iustitiae

315 336 440 398 quod
462 335 521 380 est
543 333 731 395 corpus?
752 334 935 401 animus.
966 334 1245 382 Fortitudinis
1270 338 1391 400 quod
1417 337 1476 384 est
1497 356 1593 384 cor·

313 407 428 469 pus?
467 405 581 451 idem
615 403 796 450 animus.
842 405 976 468 Atqui
1004 423 1140 452 unum
1172 424 1331 470 corpus
1363 409 1446 456 effe
1474 410 1589 456 duo-

311 498 410 526 rum
439 477 692 525 animalium
724 494 814 524 non
843 477 1000 541 potest.
1043 479 1127 525 Sed
1157 480 1273 527 idem
1304 482 1501 541 animus,
1524 483 1590 529 in-
1657 530 1659 538 ,

310 554 435 616 quit,
478 550 666 598 iustitiae
706 551 903 599 habitum
944 552 1115 610 induit,
1145 565 1187 599 et
1219 552 1519 613 fortitudinis,
1550 568 1593 602 et

311 625 636 689 temperantiae.
667 627 768 672 Hoc
796 624 889 672 fieri
916 625 1083 688 poffet,
1114 626 1145 671 st
1169 642 1260 689 quo
1288 639 1492 690 tempore
1524 629 1591 675 iu-

311 699 421 746 stitia
448 697 580 754 esset,
612 698 833 746 fortitudo
862 715 953 744 non
985 698 1116 744 effer:
1142 714 1236 761 quo
1265 711 1465 763 tempore
1497 700 1589 748 for-

308 772 454 820 titudo
481 773 614 829 effer,
642 772 927 836 temperantia
951 790 1042 819 non
1068 772 1188 819 effet.
1216 775 1345 821 Nunc
1364 791 1472 823 vero
1493 792 1590 821 om-

308 866 384 896 nes
410 849 589 896 virtutes
624 849 751 913 simul
777 849 887 896 sunt.
938 851 999 894 Ita
1029 849 1262 913 quomodo
1291 864 1417 897 erunt
1443 850 1587 914 singu-

305 923 346 968 la
374 921 574 968 animalia
595 955 609 977 ‚
644 939 746 968 cum
777 938 889 968 unus
920 921 1092 967 animus
1123 919 1200 977 fit,
1231 921 1306 983 qui
1331 923 1424 985 plus
1456 941 1586 987 quam

305 1010 441 1040 unum
473 994 633 1040 animal
661 1010 750 1039 non
780 992 922 1055 potest
956 992 1139 1040 facere?
1182 993 1389 1056 Denique
1420 995 1586 1041 nullum

304 1066 463 1112 animal
490 1083 587 1129 pars
607 1065 668 1113 est
687 1065 860 1112 alterius
886 1065 1109 1113 animalis:
1139 1065 1296 1112 iustitia
1325 1077 1469 1112 autem
1491 1085 1590 1130 pars

302 1138 363 1186 est
394 1138 559 1186 animi:
583 1155 672 1185 non
706 1137 766 1185 est
794 1154 902 1202 ergo
925 1138 1098 1185 animal.
1136 1138 1305 1184 Videor
1334 1139 1445 1185 mihi
1473 1140 1517 1186 in
1539 1158 1586 1188 re

303 1210 496 1259 confeffa
519 1212 699 1275 perdere
722 1228 919 1273 operam.
950 1211 1093 1275 Magis
1121 1212 1239 1257 enim
1268 1212 1581 1276 indignandum

302 1286 358 1332 de
387 1285 496 1341 isto,
516 1302 647 1349 quam
681 1284 985 1346 disputandum
1016 1283 1091 1331 est.
1123 1284 1306 1330 Nullum
1334 1285 1493 1330 animal
1523 1286 1585 1331 al-

298 1357 432 1406 terius
459 1375 557 1422 pars
577 1356 651 1404 est.
681 1356 986 1426 Circumspice
1008 1357 1212 1403 omnium
1231 1374 1424 1421 corpora
1447 1375 1457 1402 ε
1478 1357 1585 1412 nulli

298 1446 392 1477 non
415 1442 458 1477 et
484 1431 613 1478 color
633 1429 838 1492 proprius
866 1429 927 1476 est
945 1465 958 1487 ‚
988 1442 1031 1476 et
1056 1429 1193 1493 figura
1215 1429 1284 1476 sua
1303 1466 1317 1487 ‚
1349 1443 1392 1476 et
1413 1431 1587 1494 magni·

297 1503 424 1549 tudo.
454 1504 570 1548 Inter
595 1513 738 1548 cetera
755 1535 768 1556 ‚
792 1513 974 1562 propter
993 1516 1105 1563 quae
1134 1500 1330 1548 mirabile
1355 1501 1494 1548 divini
1514 1520 1581 1548 ar—

294 1574 424 1622 tificis
447 1574 674 1638 ingenium
704 1572 765 1619 est
784 1608 797 1628 ‚
823 1573 909 1619 hoc
928 1589 1109 1636 quoque
1139 1572 1341 1620 existimo
1359 1606 1373 1629 ‚
1395 1576 1516 1638 quod
1538 1575 1581 1620 in

295 1663 411 1697 tanta
438 1650 567 1712 copia
594 1664 741 1695 rerum
770 1663 995 1710 nunquam
1021 1647 1067 1693 in
1100 1647 1217 1693 idem
1246 1647 1403 1695 incidit
1424 1650 1580 1695 :etiam

293 1740 405 1785 quae
425 1723 577 1769 fimilia
600 1722 808 1769 videntur
824 1754 837 1776 ‚
860 1737 961 1767 cum
990 1721 1223 1768 contuleris
1239 1756 1253 1778 ‚
1272 1721 1441 1768 diversa
1473 1721 1583 1770 sunt.

295 1798 389 1843 Tot
408 1796 511 1844 fecit
543 1812 702 1860 genera
724 1795 934 1841 foliorum
952 1829 965 1851 ,
991 1793 1154 1839 nullum
1180 1810 1271 1840 non
1293 1793 1361 1840 sua
1383 1796 1581 1857 proprie·

296 1882 383 1915 tate
418 1868 660 1931 signatum,
696 1882 765 1914 tot
796 1864 997 1911 animalia
1031 1881 1042 1910 ε
1078 1865 1185 1910 nulli
1213 1864 1448 1911 similitudo
1481 1884 1579 1913 cum

295 1943 433 1989 altero
469 1941 695 1989 convenit.
745 1940 912 2002 Utique
945 1939 1111 2002 aliquid
1144 1939 1328 1986 interest.
1370 1941 1523 2004 Exegit
1555 1958 1579 1987 a

295 2014 359 2072 se,
396 2029 445 2061 ut
479 2031 590 2076 quae
621 2015 702 2060 alia
734 2025 879 2068 erant,
910 2027 953 2059 et
986 2011 1199 2058 diffimilia
1228 2012 1395 2068 essent,
1419 2026 1462 2060 et
1494 2014 1579 2059 im-

294 2089 427 2151 paria.
466 2089 690 2145 Virtutes,
721 2102 769 2134 ut
796 2086 962 2147 dicitis,
989 2102 1144 2132 ornnes
1174 2102 1297 2148 pares
1322 2086 1417 2133 sunt
1438 2104 1448 2133 :
1469 2103 1578 2149 ergo

295 2178 387 2207 non
421 2161 519 2207 sunt
551 2159 762 2206 animalia.
800 2158 984 2204 Nullum
1017 2175 1106 2203 non
1136 2156 1294 2203 animal
1321 2175 1398 2221 per
1423 2159 1467 2209 ,se
1498 2160 1577 2204 ali—

294 2235 401 2297 quid
432 2234 533 2298 agit.
567 2235 719 2280 Virtus
749 2246 894 2278 autem
925 2247 1003 2292 per
1034 2231 1075 2277 se
1101 2230 1207 2277 nihil
1239 2232 1354 2295 agit,
1382 2231 1451 2278 sed
1474 2249 1573 2278 cum

294 2309 491 2355 homine.
519 2307 685 2355 Omnia
713 2305 913 2352 animalia
935 2317 1007 2351 aut
1032 2304 1261 2351 rationalia
1291 2305 1409 2359 sunt,
1438 2317 1482 2350 ut
1504 2306 1577 2351 ho·

293 2382 432 2428 mines
450 2416 462 2436 ‚
487 2393 534 2427 ut
564 2380 657 2435 dii;
685 2388 759 2426 aut
783 2378 1052 2425 irrationalia
1068 2413 1081 2435 ‚
1107 2390 1155 2424 ut
1176 2393 1351 2440 pecora.
1381 2379 1573 2424 Virtutes

295 2455 443 2520 ntique
470 2453 699 2502 rationales
723 2453 818 2501 sunt
839 2470 850 2499 :
877 2451 1001 2515 atqui
1025 2468 1106 2499 nec
1131 2451 1333 2498 homines
1360 2452 1470 2509 sunt,
1493 2466 1573 2498 nec
