1730 2870
1376 138 1469 185 377

292 292 816 350 L.ANNAE1
871 281 1372 351 s>ENECAE

200 461 773 553 CLAUDII
839 464 1343 554 CAESAR
1363 466 1472 554 IS

433 658 1250 710 ΑΠΟΚΟΛΟΚΤΝΤΩΣΙΣ,

353 889 465 922 UID
500 877 640 923 aetum
677 875 726 923 sit
762 876 807 924 in
844 878 975 925 coelo
1011 891 1111 925 ante
1146 878 1263 925 diem
1297 878 1476 943 tertium

198 951 297 995 ldus
319 949 552 1005 Octobris,
576 948 722 996 Afinio
747 952 977 1006 Marcello,
1009 952 1150 998 Acilio
1175 952 1332 998 Aviola
1352 953 1474 1000 Coss.

198 1038 317 1068 anno
338 1037 489 1080 novo,
507 1021 634 1068 initio
658 1022 786 1069 seculi
806 1023 1066 1080 felicissimi,
1094 1025 1204 1070 volo
1231 1028 1474 1072 memoriae

198 1095 377 1141 tradere.
405 1094 526 1139 Nihil
551 1091 741 1140 offensae
774 1096 845 1143 vel
868 1097 1029 1160 gratiae
1056 1099 1240 1143 dabitur.
1268 1098 1386 1143 Haec
1416 1098 1477 1144 ita

197 1183 303 1213 vera
322 1166 352 1212 fi
382 1166 479 1229 quis
508 1167 734 1229 quaesterit
759 1169 873 1219 unde
899 1169 1026 1216 sciam
1048 1186 1059 1215 ε
1090 1169 1308 1230 primum,
1332 1169 1363 1214 fi
1393 1186 1480 1215 no-

199 1239 346 1295 luero,
366 1255 458 1285 non
476 1239 766 1301 respondebo.
786 1240 899 1299 Qais
924 1241 1154 1286 coafflurus
1171 1239 1257 1286 est?
1278 1243 1370 1302 Ego
1389 1239 1481 1287 scio

199 1328 270 1358 me
289 1311 475 1358 liberum
495 1310 677 1367 faetum,
693 1326 746 1356 ex
765 1327 857 1374 quo
875 1311 1001 1357 suum
1020 1312 1136 1358 diem
1156 1312 1266 1358 obiit
1285 1313 1355 1357 ille
1369 1348 1382 1368 ‚
1402 1311 1480 1374 qui

200 1401 356 1433 verum
375 1384 659 1448 proverbium
689 1383 871 1442 fecerat,
901 1387 993 1431 Aut
1006 1402 1154 1449 regem
1171 1422 1185 1443 ‚
1216 1397 1291 1432 aut
1308 1385 1480 1432 fatuum

200 1458 317 1504 nasei
347 1470 565 1520 oportere.
590 1459 634 1504 Si
664 1458 838 1504 libuerit
865 1457 1156 1521 respondere,
1184 1459 1324 1505 dicam
1355 1459 1481 1522 quod

200 1530 312 1576 mihi
331 1530 376 1576 in
404 1531 587 1577 buccam
613 1530 793 1577 venerit.
822 1532 934 1590 Quis
968 1549 1161 1594 unquam
1190 1533 1243 1578 ab
1270 1532 1481 1580 historico

199 1605 343 1651 iurato
364 1620 433 1650 res
461 1604 604 1666 exegit
619 1607 639 1648 ?·
656 1604 825 1650 Tamen
854 1604 884 1648 fi
906 1603 1074 1650 necesse
1101 1603 1232 1650 fuerit
1255 1606 1481 1652 auftorem

202 1678 450 1742 producere
466 1714 479 1734 ,
505 1677 699 1740 quaerite
725 1678 779 1723 ab
804 1694 859 1724 eo
877 1678 953 1740 qui
979 1677 1215 1723 Drusillam
1237 1692 1412 1725 euntem
1435 1678 1480 1725 in

201 1749 379 1799 coelum
399 1749 527 1795 vidit.
546 1750 665 1796 Idem
687 1749 919 1796 Claudium
941 1749 1094 1796 vidifl'e
1112 1750 1152 1796 se
1179 1751 1293 1798 dicet
1311 1751 1394 1797 iter
1415 1752 1481 1797 fa-

199 1824 416 1878 cientem,
446 1838 536 1867 non
562 1821 934 1884 paffibusxaequis.
964 1822 1115 1878 Velit,
1147 1824 1284 1880 nolit,
1313 1824 1483 1871 neceffe

201 1895 263 1944 est
286 1894 348 1940 illi
372 1893 522 1940 omnia
544 1894 716 1951 videre,
739 1910 848 1956 quae
868 1893 915 1940 in
939 1895 1068 1940 coelo
1087 1906 1279 1957 agantur.
1312 1897 1481 1958 Appiae

202 1970 302 2015 viae
320 1979 495 2015 curator
508 1966 595 2013 est:
616 1983 702 2030 qua
723 1966 801 2013 scis
820 1980 863 2013 et
882 1967 1035 2013 divum
1057 1968 1322 2031 Augustum,
1342 1982 1383 2014 et
1401 1969 1479 2015 Ti-

203 2040 376 2087 berium
393 2039 621 2086 Caesarem
640 2075 653 2096 ,
685 2039 738 2084 ad
766 2040 870 2086 deos
895 2039 985 2085 isse,
1015 2040 1144 2086 Hunc
1174 2039 1204 2085 si
1232 2039 1481 2103 interroga-

202 2114 348 2167 veris,
381 2111 458 2158 soli
479 2111 698 2157 narrabit:
721 2127 872 2158 coram
902 2111 1098 2172 pluribus
1123 2129 1343 2174 nunquam
1375 2130 1480 2159 ver·-

203 2189 310 2234 bum
337 2185 474 2231 faciet.
495 2186 610 2231 Nam
632 2201 685 2230 ex
704 2200 794 2247 quo
815 2185 860 2230 in
890 2183 1037 2230 senatu
1061 2183 1219 2232 iuravit
1245 2184 1285 2231 se
1303 2185 1479 2232 Drufil-

202 2261 290 2307 lam
321 2258 478 2307 vidiffe
504 2259 678 2306 coelum
717 2258 1081 2314 adscendentem,
1110 2272 1153 2305 et
1184 2259 1245 2304 illi
1274 2276 1356 2320 pro
1391 2273 1481 2306 tam

204 2333 328 2379 bono
347 2331 501 2378 nuntio
522 2347 653 2378 nemo
674 2331 858 2378 credidit
878 2331 982 2393 quid
1004 2331 1187 2388 viderit,
1207 2332 1354 2378 verbis
1373 2349 1482 2379 con»

204 2404 340 2470 ceptis
357 2403 619 2464 affirmavit,
645 2403 688 2452 se
703 2419 795 2450 non
819 2403 1112 2452 indicaturum
1130 2404 1294 2452 etiamsi
1314 2407 1360 2452 in
1383 2422 1482 2453 me·
