1730 2870
485 75 574 123 DE
607 73 828 120 MORTE
860 71 949 119 CL.
984 69 1281 116 CAESAfflS.
1429 73 1516 130 3191

239 181 431 247 postulat
465 179 821 228 advocationem.
864 178 972 225 Non
1005 177 1142 242 datur.
1182 172 1365 222 Accusat
1401 174 1522 220 Pedo

237 255 474 319 Pompeius
491 252 659 316 magnis
680 252 959 300 clamoribus.
988 248 1144 313 Incipit
1161 244 1388 309 Petronius
1408 246 1522 292 velle

237 326 516 391 respondere.
543 330 713 373 Aeacus
731 360 745 383 ,
778 325 917 371 homo
937 321 1213 378 iustiffimus‚
1247 329 1376 367 vetat.
1396 318 1519 366 Illum

233 411 406 447 tantum
441 398 573 446 altera
602 409 722 461 parte
751 396 894 443 audita
925 395 1217 452 condemnat,
1251 405 1293 440 et
1324 391 1382 438 ait
1403 399 1519 445 {Eine

150 519 160 524 Ν
236 475 351 518 πάθοι
375 480 431 517 τὰ.
453 478 487 516 κ’
507 477 607 532 ἔρεξε
633 476 722 517 ἓίκη
751 476 784 515 κ’
814 475 908 516 ἰθεῖα
931 475 1099 529 γένοιτο.
1120 469 1281 533 ⁸Ingens
1300 464 1517 512 filentium

233 540 390 588 factum
420 541 491 588 est.
520 541 755 604 Stupebant
784 556 961 597 omnes,
989 539 1187 587 novitate
1215 539 1277 587 re'i
1306 538 1513 585 attoniti:

233 615 448 677 negabant
469 615 556 662 hoc
575 628 769 676 unquam
790 611 964 659 facium.
993 613 1181 659 Claudio
1202 613 1402 676 iniquum
1425 629 1516 658 ma-

231 687 297 750 gis
316 687 574 750 videbatur,
606 702 737 749 quam
758 701 944 732 novum.
976 687 1048 733 De
1074 703 1233 750 genere
1251 692 1419 750 poenae
1439 685 1514 731 diu

231 757 491 820 disputatum
512 758 598 815 est,
625 757 734 821 quid
754 757 878 803 illum
900 757 987 820 pati
1019 769 1257 822 oporteret.
1278 760 1408 803 Erant
1437 757 1513 821 qui

230 830 451 888 dicerent,
481 831 511 878 si
537 832 613 879 uni
634 832 695 878 dii
719 832 898 878 laturam
932 832 1154 891 fecissent,
1182 831 1416 880 Tantalum
1447 829 1512 877 fiti

227 903 469 966 periturum
486 941 500 963 ‚
523 902 600 952 nifi
618 903 675 951 illi
695 904 1016 953 succurreretur
1034 923 1045 951 :
1069 922 1160 952 non
1181 921 1371 967 unquam
1393 903 1511 967 Sisy-

226 975 364 1037 phum
384 992 519 1024 onere
541 976 750 1033 relevari3
771 976 1010 1039 aliquando
1030 975 1193 1023 Ixionis
1208 975 1349 1022 miseri
1367 989 1511 1021 rotam

229 1047 621 1098 sufflaminandarn.
638 1050 744 1096 Non
763 1047 1016 1111 placuityulli
1035 1064 1090 1094 ex
1108 1047 1325 1096 veteranis
1344 1046 1510 1092 miffio-

226 1136 330 1167 nem
355 1121 480 1180 dari,
512 1138 567 1170 ne
586 1122 661 1172 vel
684 1120 892 1167 Claud-ius
921 1138 1114 1184 unquam
1146 1121 1281 1168 fimile
1310 1121 1512 1182 speraret.

227 1191 398 1239 Placuit.
414 1210 578 1242 novam
599 1210 791 1257 poenam
811 1193 1053 1256 excogitari
1081 1193 1264 1251 debere,
1285 1192 1510 1238 instituen-
1571 1238 1574 1243 ,

225 1264 328 1310 dum
350 1264 411 1310 illi
428 1265 626 1313 laborem
646 1265 844 1318 irritum,
865 1280 909 1311 et
937 1265 1118 1311 alicuius
1141 1263 1390 1327 cupiditatis
1409 1263 1506 1325 spe-

225 1335 312 1384 cies
328 1335 415 1385 fine
433 1337 520 1385 fine
541 1350 583 1385 et
602 1337 770 1384 effectu.
805 1338 923 1384 Tum
943 1342 1110 1384 Aeacus
1134 1337 1253 1384 iubet
1272 1337 1391 1384 illum
1417 1337 1509 1382 alea

222 1410 374 1458 ludere
392 1412 570 1473 pertuso
589 1411 751 1458 fritillo.
768 1410 920 1457 Etiam
943 1421 1146 1472 coeperat
1164 1409 1377 1474 fugientes
1395 1409 1507 1457 sem-

221 1497 301 1549 per
324 1483 499 1532 tefferas
521 1499 757 1548 quaerere,
790 1495 834 1531 et
858 1482 963 1530 nihil
984 1481 1212 1546 proficere.

353 1642 470 1685 Nam
490 1639 679 1700 quotiens
699 1636 895 1702 miffitrus
913 1653 997 1684 erat
1014 1638 1389 1698 resbtzamefritido
1404 1673 1421 1697 9

355 1727 542 1783 Utraque
546 1722 748 1783 subduc'Yo
763 1723 952 1784 fugiebat
972 1722 1107 1785 teffira
1113 1723 1255 1782 fundo
1272 1740 1289 1768 .·

354 1805 536 1863 Cumque
551 1803 770 1850 recollec‘los
789 1806 952 1850 auderet
967 1805 1118 1850 mittere
1134 1809 1241 1850 talos
1252 1836 1269 1859 ,

350 1884 510 1944 Lusuro
513 1884 670 1947 similis
680 1885 864 1947 fimper,
877 1885 1110 1948 semperque
1118 1889 1277 1949 petenti
1287 1896 1305 1945 ,‘

352 1969 685 2029 Deceperefidtm
705 1985 721 2013 .·
740 1971 889 2031 refugit
904 2000 918 2025 ,
941 1971 1164 2031 digitosque
1173 1989 1248 2032 per
1262 1971 1375 2030 ipsos

349 2047 510 2091 Fallax
526 2048 682 2110 affiduo
700 2050 902 2094 dilabitur
919 2052 1010 2094 alea
1019 2050 1151 2108 furto.

350 2127 422 2172 Sic
448 2144 539 2172 cum
566 2130 651 2190 iam
660 2130 823 2190 summi
841 2146 1073 2193 tanguntur
1086 2133 1273 2177 culmina
1290 2131 1480 2190 morttisj

353 2205 482 2252 Irrita
500 2207 703 2268 Sisyphio
721 2212 945 2257 volvuntur
953 2213 1138 2273 pondera
1156 2214 1274 2258 collo.

222 2344 443 2413 'Apparuit
462 2348 605 2401 subito
625 2352 680 2402 C.
703 2352 887 2417 Caesar,
916 2369 961 2405 et
987 2366 1134 2421 petere
1153 2353 1273 2402 illum
1294 2354 1340 2404 in
1359 2353 1502 2406 servi*

1106 2429 1175 2476 Bb
1208 2446 1240 2490 4
