1730 2870
619 53 1142 100 FRAGMENTA.
1435 72 1528 113 4¹9

255 175 390 213 neca,
413 159 469 206 de
493 159 780 207 matrimonio
803 159 964 215 libros,
995 160 1220 223 exquibus
1239 170 1282 207 et
1308 160 1524 224 superiora

253 233 465 279 nonnulla
482 234 577 280 sunt
595 268 608 291 ,
637 245 679 280 et
696 233 772 280 ista
789 233 898 296 quae
914 235 1180 281 subiicimus„
1202 238 1342 281 Amor
1362 235 1536 290 formae

219 317 227 324 ·
253 305 426 351 oblivio
453 305 544 360 est,
568 318 611 352 et
635 306 820 352 insaniae
853 308 1102 368 proximus,
1121 307 1302 354 foedum
1324 307 1530 354 minime-

253 392 338 439 que
354 379 626 436 conveniens
645 379 793 424 animo
812 379 961 441 sospiti
981 379 1154 426 vitium.
1171 382 1314 426 turbat
1333 381 1530 437 consilia,

253 448 365 494 altos
383 464 428 495 et
462 451 691 512 generosos
719 451 891 512 spiritus
920 451 1143 514 frangit‚a
1173 450 1339 514 magnis
1361 453 1529 514 cogita-

251 520 448 567 tionibus
465 557 477 577 ‚
503 524 557 568 ad
579 522 836 568 humillimas
852 524 1064 569 detrahit:
1096 525 1319 585 querulos,
1357 524 1530 578 iracun-

251 593 358 651 dos,
378 596 630 652 temerarios
644 630 655 651 ,
675 595 780 640 dure
798 595 1082 655 imperiosos,
1100 594 1305 641 serviliter
1323 596 1527 653 blandos,

253 667 458 713 omnibus
491 667 682 720 inutiles,
704 668 778 728 ipfi
815 668 1047 713 noviffime
1080 668 1247 722 amoti,
1266 668 1379 713 facit.
1410 670 1524 714 Num

252 754 351 784 cum
372 737 545 785 fruendi
563 740 794 800 cupiditate
820 739 1044 784 insatiabili
1062 740 1239 802 flagrat,
1260 741 1381 801 plura
1409 755 1524 786 tem-

255 829 366 873 pora
396 813 708 874 suspicionibus
728 849 741 869 ‚
775 813 988 869 lacrimis,
1016 814 1398 876 conquestionibus
1431 832 1527 875 per-

255 885 345 943 dit,
369 886 519 932 odium
540 885 602 932 sui
619 884 742 940 tacit,
765 899 808 931 et
821 885 907 946 ipse
924 885 1156 933 noviffime
1170 887 1248 933 fibi
1265 888 1373 934 odio
1387 888 1462 934 est.

749 991 887 1036 Paulo
907 994 1038 1052 infra.

316 1099 466 1146 Refert
490 1111 708 1161 praeterea
728 1102 885 1147 Seneca
901 1137 916 1154 ,
950 1100 1208 1165 ,cognovisse
1241 1100 1283 1147 se
1307 1099 1525 1162 quendam

251 1189 454 1221 ornatum
478 1176 698 1220 hominem
713 1209 726 1231 ,
746 1177 820 1237 qui
847 1179 1037 1222 exiturus
1054 1177 1098 1221 in
1117 1177 1338 1236 publicum
1357 1200 1370 1228 ‚'
1397 1173 1527 1219 fascia

250 1248 403 1293 uxoris
420 1249 565 1309 peetus
590 1248 842 1311 colligabat,
864 1262 906 1293 et
926 1267 978 1295 ne
996 1250 1158 1310 puncto
1183 1248 1365 1309 quidem
1393 1246 1529 1292 horae

251 1320 484 1382 praesentia
503 1321 595 1366 eius
614 1335 763 1366 carere·
779 1334 951 1382 poterat
970 1338 981 1373 ;
997 1321 1316 1381 potionemque
1336 1319 1497 1364 nullam
1515 1352 1530 1372 ,

252 1394 329 1440 nifi
362 1395 531 1441 alterius
568 1396 723 1440 tactam
754 1395 909 1449 labris,
931 1396 1001 1439 vir
1034 1406 1076 1439 et
1107 1409 1223 1438 uxor
1245 1392 1529 1438 hauriebant:

250 1466 327 1511 alia
347 1466 550 1527 deinceps
570 1483 660 1512 non
677 1466 818 1511 minus
836 1467 979 1527 inepta
1000 1464 1228 1520 facientes,
1250 1464 1296 1509 in
1309 1480 1421 1526 quae
1443 1463 1530 1509 im·

251 1538 441 1599 provida
469 1537 537 1584 vis
552 1537 740 1583 ardentis
757 1535 932 1582 affectus
955 1535 1226 1597 erumpebat.

813 1646 866 1689 Itz
879 1645 981 1703 fine.

317 1749 429 1794 Nam
444 1747 573 1811 quid,
592 1747 649 1794 ait
665 1748 850 1805 Seneca,
869 1746 1046 1794 de‘viris
1064 1745 1329 1809 pauperibus
1348 1745 1487 1792 dicam
1508 1746 1526 1789 ἒ

253 1840 446 1887 quorum
474 1823 518 1868 in
549 1840 714 1869 nomen
735 1822 903 1879 mariti,
923 1822 977 1868 ad
1008 1822 1241 1866 eludendas
1272 1820 1387 1882 leges
1420 1836 1531 1881 quae

253 1910 411 1944 contra
433 1896 624 1943 coelibes
650 1896 770 1950 sunt,
794 1912 890 1957 pars
909 1911 1063 1958 magna
1088 1893 1367 1939 conducitur.
1396 1893 1530 1950 Quo-

253 1972 392 2017 modo
406 1970 546 2032 potest
564 1985 712 2032 regere
731 1984 877 2014 mores
890 2003 904 2023 ‚
929 1984 973 2014 et
991 1966 1240 2029 praecipere
1258 1963 1492 2010 castitatem
1512 1998 1529 2019 2

250 2055 294 2089 et
311 2042 452 2088 mariti
467 2043 762 2089 auctoritatem
782 2041 921 2096 tueri,
937 2040 1011 2086 cui
1029 2037 1200 2100 nupsit?

331 2131 383 2192 B.
407 2149 691 2214 Augtfiinus‚
712 2150 761 2193 'de
778 2149 941 2193 civitate
958 2150 1049 2193 D'ei
1062 2183 1075 2205 ‚
1099 2149 1167 2193 lib.
1187 2146 1248 2194 VJ
1261 2162 1275 2202 3
1294 2164 1382 2207 cap.
1401 2158 1456 2192 X.

319 2257 510 2304 Libertas
533 2257 629 2304 sane
648 2275 758 2321 quae
781 2256 884 2306 huic
912 2257 1078 2315 defuit,
1097 2274 1151 2305 ne
1168 2257 1289 2310 istam
1323 2259 1531 2305 urbanam

255 2330 523 2395 theologiam
541 2367 556 2389 ‚
582 2331 815 2379 theatricae
828 2332 1083 2379 fimillimam
1097 2355 1120 2391 ,κ
1132 2344 1279 2393 aperte
1298 2331 1401 2378 sicut
1418 2331 1534 2376 illam

1126 2403 1282 2451 Dd2
