1730 2870
354 128 615 176 NATUR,
667 123 969 188 QUAEST.
1019 128 1138 175 ΜΒ.
1171 130 1203 176 1.
1322 145 1411 194 159

134 236 291 284 volant
309 235 465 283 stellae.
491 237 615 299 quod
634 234 662 280 fi
690 235 855 298 lignum
883 247 1118 282 ventorum
1137 235 1197 282 est
1211 272 1223 294 ‚
1246 235 1306 284 ibi
1326 237 1386 284 est
1402 273 1417 297 ‚

136 310 212 356 ubi
251 310 369 356 venti
399 309 522 366 sunt,
558 308 601 353 id
635 308 725 364 est,
762 308 805 353 in
834 310 961 367 aere,
997 309 1072 371 qui
1109 309 1275 356 medius
1301 310 1414 357 inter

136 383 278 428 lunam
299 394 341 428 et
369 393 525 428 terram
556 380 629 427 est.
661 385 707 427 In
736 398 891 445 magna
917 382 1166 445 tempestate
1201 397 1412 446 apparent

134 454 250 518 quali
278 454 418 500 stellae
451 455 554 500 velo
582 455 824 501 insidentes.
865 456 1074 503 Adiuvari
1106 456 1145 502 se
1173 471 1277 503 tunc
1303 457 1414 520 peri·

137 528 328 574 clitantes
348 526 588 573 existimant
608 527 797 574 Pollucis
811 543 853 574 et
869 528 1063 574 Castoris
1083 531 1273 576 numine.
1292 531 1411 576 Cau-

134 600 173 646 sa
197 613 342 646 autem
362 601 555 647 melioris
573 601 660 663 spei
682 600 743 647 est
761 634 775 657 ‚
812 602 934 664 quod
954 602 1038 647 iam
1066 615 1243 664 apparet
1271 602 1427 666 frangi*

133 673 434 735 tempestatem
447 710 460 731 ‚
484 688 526 721 et
546 673 740 720 definere
761 688 931 720 ventos.
951 674 1198 737 Aliquando
1215 675 1412 723 feruntur

132 744 252 806 ignes
270 781 284 802 ‚
310 762 400 792 non
430 746 589 792 sedent.
622 740 818 809 Gyl‘ippo
836 745 1067 809 Syracusas
1097 748 1290 809 petenti,
1322 749 1412 795 visa

109 817 194 873 ,est
223 817 336 864 stella
363 818 488 879 super
511 818 644 880 ipsam
672 819 863 884 lanceam
898 818 1146 865 constitiss‘e.
1179 823 1224 865 In
1246 822 1412 866 Roma-

133 905 293 935 norum
323 889 499 946 castris,
520 888 610 935 visa
642 888 736 935 sunt
763 891 914 936 ardere
945 890 1057 950 pila,
1090 890 1262 953 ignibus
1297 892 1412 939 scili-

135 973 204 1007 cet
223 962 265 1007 in
287 961 356 1007 illa
377 960 555 1023 delapsis
574 979 583 1007 :
605 961 683 1024 qui
706 962 855 1024 saepe,
883 960 1115 1008 fulminum
1143 980 1267 1010 more
1282 999 1294 1019 ‚
1315 965 1409 1012 ani-

135 1035 263 1081 malia
287 1035 416 1082 ferire
443 1037 578 1082 solent
605 1050 648 1082 et
675 1037 856 1082 arbusta.
891 1038 974 1083 Sed
1000 1037 1030 1082 fi
1050 1038 1221 1084 minore
1243 1040 1288 1085 vi
1308 1040 1410 1086 mit=

134 1120 312 1165 tuntur‚
348 1107 545 1154 defluunt
577 1120 744 1154 tantum
778 1121 820 1155 et
853 1108 1061 1166 insident,
1089 1125 1180 1153 non
1215 1109 1427 1169 feriunt,

136 1196 214 1226 nec
242 1181 491 1228 vulnerant.
529 1180 613 1226 Alii
642 1181 754 1228 inter
774 1183 909 1228 nubes
928 1183 1172 1239 eliduntur,
1202 1184 1271 1228 alii
1294 1185 1408 1231 sere-

135 1269 195 1297 no
212 1285 226 1308 ‚
258 1253 288 1299 fi
311 1255 386 1300 ae'r
415 1253 469 1299 ad
495 1253 829 1312 exprimendum
851 1255 994 1316 ignem
1022 1267 1145 1315 aptus
1169 1253 1263 1301 fuit.
1295 1257 1412 1303 Nam

133 1325 286 1373 sereno
320 1343 503 1390 quoque
539 1327 668 1374 coelo
706 1329 938 1390 aliquando
976 1340 1131 1384 tonat,
1167 1345 1222 1374 ex
1257 1331 1411 1378 eadem

80 1456 83 1460 .
134 1399 255 1446 causa
271 1435 285 1457 ,
314 1416 400 1462 qua
422 1399 575 1464 nubilo
593 1432 606 1453 ‚
638 1399 737 1446 aere
756 1400 867 1446 inter
894 1399 934 1446 se
954 1400 1119 1446 colliso.
1142 1402 1232 1460 Qui
1255 1403 1410 1449 etiam

134 1469 164 1516 fi
187 1470 247 1525 est
277 1471 466 1518 lucidior
491 1488 542 1517 ac
562 1470 717 1518 siccior
735 1507 748 1529 ‚
774 1472 894 1518 coire
918 1483 1063 1517 tamen
1084 1486 1125 1519 et
1148 1472 1291 1520 facere
1312 1491 1413 1521 cor-

133 1561 245 1606 pora
277 1544 487 1607 quaedam
517 1542 666 1589 similia
691 1545 880 1590 nubibus
902 1544 1068 1606 potest,
1102 1561 1215 1607 quae
1234 1548 1432 1608 percus-¹

135 1617 176 1662 sa
207 1616 388 1662 reddant
412 1616 581 1663 sonum.
625 1616 910 1678 Quandoque
943 1616 1074 1678 igitur
1105 1616 1214 1662 fiu'nt
1236 1621 1376 1665 trabes
1397 1651 1413 1673 ‚

133 1690 399 1752 quandoque
434 1688 610 1752 clypei,
641 1701 685 1734 et
713 1687 934 1735 vastorum
960 1689 1173 1752 imagines
1209 1691 1375 1754 ignium
1398 1729 1432 1751 ,.

135 1763 209 1808 ubi
224 1763 268 1808 in
285 1763 412 1807 talem
427 1763 651 1808 materiam
671 1762 821 1809 incidit
841 1762 984 1807 similis
1004 1763 1144 1816 causa,
1159 1763 1230 1810 sed
1255 1766 1413 1811 maior.
1429 1795 1433 1803 ·

201 1837 250 1881 ΙΙ.
269 1834 507 1881 Videamus
534 1852 670 1892 nunc,
695 1834 1165 1898 quemadmodum-fiat
1183 1836 1218 1882 is
1237 1836 1433 1900 fulgors-

134 1907 211 1963 qui
230 1907 365 1953 fidera
383 1907 691 1954 circumneffit.
715 1908 967 1955 Memoriae.
979 1909 1201 1968 proditum
1219 1909 1308 1967 est,
1322 1912 1414 1972 quo

135 1968 205 2026 die
229 1979 355 2026 divus
377 1978 593 2040 Augustus
622 1980 774 2026 urbem
791 1988 819 2035 ,'
838 1997 892 2026 ex
918 1981 1152 2041 Apollonia
1182 1984 1378 2030 reversus
1395 2014 1413 2040 ‚

134 2050 339 2105 intravit,
362 2051 476 2096 circa
497 2051 640 2103 ‘solem
669 2051 806 2098 visum
836 2052 998 2100 coloris
1033 2052 1144 2099 varii
1170 2054 1378 2102 circulum
1397 2062 1433 2116 ‚‘

135 2125 274 2186 qualis
294 2123 380 2169 efl‘e
398 2123 443 2169 in
462 2139 566 2171 arcu
584 2124 692 2177 solet
713 2143 724 2171 :
746 2127 860 2173 hunc
887 2127 1048 2173 Graeci
1076 2127 1192 2174 Halo
1216 2143 1430 2190 vocant-‚3

135 2214 216 2244 nos
248 2198 390 2244 dicere
416 2198 644 2245 Coronam
677 2201 888 2261 aptiffime
917 2201 1156 2262 possumus.
1182 2203 1413 2260 Quemad-

135 2271 321 2316 modum
351 2270 446 2317 fieri
473 2271 675 2327 dicatur,
709 2289 945 2334 exponam.
976 2274 1091 2319 Cum
1123 2274 1166 2318 in
1201 2274 1411 2335 piscinam

131 2344 239 2406 lapis
267 2344 410 2391 miffus
427 2344 488 2392 est
503 2351 526 2400 ῥ’
546 2346 745 2393 videmus
761 2347 805 2392 in
826 2348 985 2394 multos
1003 2349 1132 2393 orbes
1150 2366 1307 2410 aquam
1329 2352 1414 2398 dis-

137 2416 318 2477 cedere,
344 2429 387 2465 et
413 2416 506 2465 fieri
537 2416 728 2480 primum
757 2417 1098 2480 angustiffimum
1126 2421 1306 2478 orbem,
1334 2423 1413 2469 de·
