1730 2870
258 146 345 177 222
511 132 558 179 L.
600 132 896 179 ANNAEI
937 132 1282 181 SENECAE

253 236 332 283 test
359 236 503 301 aliqua
533 252 586 283 ex
606 236 671 282 his
708 236 1095 284 transcurrentibus
1129 237 1256 286 stellis
1283 238 1474 288 incidere
1490 239 1534 288 in

252 312 417 357 nubem
434 343 448 364 ,
478 321 521 356 et
545 308 797 371 exstingui?
822 307 1126 358 Existimemus
1156 312 1278 374 poffe
1298 312 1537 376 aliquando

252 397 297 431 et
327 385 413 430 hoc
451 382 559 428 fieri.
591 383 721 427 Nunc
756 383 993 428 naturalem
1026 383 1191 430 causam
1224 387 1470 448 quaerimus
1492 398 1535 434 et

251 456 460 503 affiduam
480 490 494 513 ,
526 471 617 500 non
649 471 788 500 raram
820 467 863 501 et
890 455 1132 501 fortuitam.
1166 458 1271 504 Puta
1297 476 1368 505 me
1394 459 1534 505 confi-

249 530 330 576 teri
359 545 514 576 verum
547 527 630 575 effe
649 564 663 586 ‚
691 529 813 591 quod
842 527 948 574 dicis
968 563 982 586 ‚
1013 529 1246 592 aliquando
1284 531 1380 594 post
1411 532 1534 578 toni-

249 619 345 654 trua
373 607 560 655 emicare
591 607 711 669 ignes
731 641 745 663 ‚
780 605 906 652 stellis
935 605 1178 652 transversis
1209 621 1252 653 et
1280 609 1534 656 cadentibus

248 681 419 730 fimiles.
459 684 564 729 Non
593 681 653 729 ob
685 681 771 727 hoc
809 680 1000 728 tonitrua
1028 680 1134 725 facta
1167 680 1289 727 sunt:
1321 673 1392 728 sed
1428 700 1530 730 curn

245 756 335 804 hoc
362 755 486 805 fieret
503 793 515 813 ‚
549 756 740 804 tonitrua
773 753 885 799 festia
913 754 1021 800 sunt.
1054 755 1280 802 Clidemus
1308 756 1366 803 ait
1385 788 1400 811 ‚
1441 758 1529 804 ful--

246 830 520 893 gurationem
560 829 749 892 speciem
779 827 952 873 inanem
983 825 1100 882 esse,
1133 845 1224 875 non
1259 828 1420 891 ignem.
1461 832 1530 880 sic

246 904 362 950 enim
382 921 459 967 per
484 904 657 950 nodiem
676 902 954 965 splendorem
973 913 1098 948 motu
1117 919 1343 949 remorum
1370 905 1522 952 videri.

248 977 469 1024 Diffimile
500 974 561 1023 est
592 974 983 1038 exemplum.·illic
1019 976 1135 1021 enim
1172 976 1374 1039 splendor
1416 978 1528 1026 intra

245 1051 379 1114 ipsam
412 1066 570 1114 aquam
599 1062 804 1112 apparet:
838 1047 911 1094 hic
943 1047 1018 1111 qui
1044 1046 1094 1094 fit
1121 1047 1166 1094 in
1196 1050 1529 1114 ae1·e‚erumpit

246 1138 291 1171 et
323 1122 473 1169 exsilit.

309 1189 424 1235 LVI.
451 1188 693 1235 Heraclitus
723 1183 940 1232 existimat
965 1182 1302 1249 fulgurationem
1336 1185 1422 1234 effe
1450 1205 1528 1235 ve-

243 1260 308 1307 lut
337 1261 452 1324 apud
483 1276 564 1306 nos
597 1258 904 1322 incipientium
928 1257 1093 1320 ignium
1123 1272 1332 1315 conatus,
1363 1271 1405 1305 et
1431 1259 1524 1322 pri-

241 1351 363 1380 mum
402 1329 623 1379 flammam
645 1332 882 1386 incertam,
916 1331 1056 1376 modo
1083 1329 1367 1377 intereuntem
1388 1367 1399 1388 ‚
1426 1348 1526 1378 mo-

243 1408 303 1452 do
322 1406 627 1469 resurgentem.
655 1407 776 1452 Haec
801 1403 965 1467 antiqui
994 1403 1176 1467 fulgetra
1197 1403 1400 1450 dicebant
1420 1422 1430 1450 ε
1449 1416 1524 1451 to-

242 1479 387 1525 nitrua
414 1495 496 1525 nos
520 1479 742 1540 pluraliter
766 1477 964 1524 dicimus.
993 1475 1175 1538 Antiqui
1193 1487 1266 1521 aut
1281 1476 1525 1521 tonitruum

241 1553 478 1606 dixerunt,
509 1566 583 1598 aut
607 1566 774 1599 tonum.
824 1552 924 1598 Hoc
953 1552 1068 1612 apud
1100 1550 1366 1596 Caecinnam
1397 1549 1522 1595 inve-

237 1624 343 1678 nio,
371 1623 611 1672 facundum
634 1624 780 1672 virum
800 1641 812 1676 ;
835 1622 911 1686 qui
928 1621 1138 1668 habuisset
1160 1622 1339 1685 aliquod
1366 1621 1409 1667 in
1433 1622 1522 1668 elo-

239 1698 416 1760 quentia
445 1714 635 1755 nomen,
670 1697 748 1743 nisi
779 1696 898 1742 illum
922 1694 1152 1742 Ciceronis
1172 1696 1325 1741 umbra
1353 1695 1521 1758 preffis·

237 1768 309 1815 set.
354 1768 605 1815 Etiamnum
640 1768 718 1814 illo
749 1769 892 1814 verbo
921 1767 1153 1814 utebantur
1184 1767 1380 1830 antiqui,
1419 1785 1520 1815 cor-

237 1854 397 1903 repto,
426 1858 522 1905 quo
557 1858 638 1889 nos
669 1841 882 1904 producta
912 1857 996 1887 una
1017 1839 1184 1903 syllaba
1211 1841 1386 1887 utimur.
1431 1840 1517 1886 Di-

237 1914 378 1962 cimus
414 1915 530 1961 enim
579 1928 628 1961 ut
664 1915 885 1978 splendere
907 1951 921 1971 ,
958 1914 1014 1961 fic
1054 1913 1230 1977 fulgere.
1267 1916 1322 1959 At
1357 1914 1438 1961 illis
1465 1915 1518 1960 ad

235 1983 562 2048 significandum
592 1986 706 2033 hanc
733 2003 756 2033 e
783 1986 972 2033 nubibus
1002 1985 1163 2037 subitae
1187 1984 1295 2032 lucis
1321 1986 1517 2048 eruptio-

235 2072 336 2103 nem
366 2073 466 2104 mos
490 2069 598 2117 erat,
623 2058 764 2105 media
790 2058 951 2122 syllaba
970 2070 1174 2120 correpta
1194 2091 1208 2116 ‚
1242 2069 1290 2104 ut
1322 2058 1518 2106 dicerent

234 2129 417 2191 fulgere.

299 2203 430 2249 [ΝΠ.
461 2202 585 2264 Quid
604 2202 693 2268 ipse
711 2202 949 2253 existimem
970 2238 983 2262 ‚
1001 2203 1205 2269 quaeris?
1231 2202 1384 2251 Adhuc
1401 2203 1515 2250 enim

233 2275 382 2322 alienis
412 2277 699 2340 opinionibus
725 2281 1067 2327 accommodavi
1101 2297 1287 2326 manum.
1323 2280 1513 2326 Dicam:

231 2347 430 2413 Fulgurat
452 2386 466 2409 ‚
503 2367 603 2399 cum
630 2353 907 2416 repentinum
946 2354 1029 2400 late
1055 2354 1203 2401 lumen
1244 2353 1434 2400 emicuit.
1465 2353 1514 2398 ld

232 2422 418 2477 evenit,
460 2423 538 2471 ubi
580 2424 626 2471 in
660 2424 810 2489 ignem
845 2438 1095 2475 extenuatus
1133 2427 1179 2475 in
1219 2427 1406 2473 nubibus
1439 2426 1515 2471 a'e'r
