1730 2870
268 153 357 202 154
522 141 571 187 L.
613 139 914 191 ΑΝΝΑΕΙ
965 141 1316 188 SENECAE

263 244 403 292 rivata
441 244 484 291 in
518 247 679 293 domos
715 246 929 302 flumina,
965 263 1098 309 quam
1135 259 1276 294 totum
1314 247 1553 296 circumeat

264 320 512 376 mundum,
546 335 590 366 et
629 336 841 365 terrarum
875 321 1027 367 orbem
1063 321 1244 382 superne
1280 321 1549 383 despiciens,

263 390 518 452 angustum,
546 404 588 438 et
608 408 759 454 magna
784 409 840 438 ex
874 406 995 452 parte
1025 406 1226 456 opertum
1252 395 1388 452 mari,
1417 397 1548 442 etiam

264 480 352 526 qua
376 463 507 510 exstat
524 501 537 522 ,
570 465 651 511 late
678 465 943 527 squalidum,
970 479 1011 513 et
1037 478 1110 513 aut
1129 467 1270 514 ustum
1302 481 1375 519 aut
1400 470 1548 532 rigen-

264 547 368 582 tem.
401 535 476 582 fibi
495 537 583 599 ipse
603 538 661 585 ait
680 539 810 584 :Hoc
826 538 886 584 est
911 538 1017 585 illud
1040 539 1271 601 pinufium,
1299 543 1418 604 quod
1433 543 1547 588 inter

263 620 332 655 tot
355 624 501 672 gentes
531 611 652 658 ferro
677 627 720 658 et
746 611 833 674 igni
865 612 1107 659 dividitur?
1141 614 1187 659 O
1214 630 1345 677 quam
1379 614 1549 663 ridiculi

261 683 359 730 sunt
388 686 636 731 mortalium
668 685 868 732 termini!
911 687 1033 732 Ultra
1069 686 1221 732 Istrum
1269 688 1421 735 Dacus
1456 705 1548 735 non

260 770 385 803 exeat
404 776 415 803 ε
441 761 623 821 Strymo
644 759 836 805 Thracas
865 759 1084 806 includat:
1107 760 1275 807 Parthis
1297 760 1437 808 obstet
1460 766 1546 809 Eu-

260 830 466 892 phrates:
500 831 734 877 Danubius
762 831 997 878 Sarmatica
1025 848 1075 878 ac
1099 834 1297 878 Romana
1328 833 1546 880 distermi-

263 916 367 949 net:
389 904 568 950 Rhenus
600 905 862 951 Germaniae
891 907 1075 951 modum
1107 906 1266 952 faciat:
1293 907 1546 970 Pyrenaeus

262 976 456 1021 medium
489 976 601 1022 inter
630 978 790 1024 Gallias
820 990 862 1023 et
901 978 1125 1040 Hispanias
1153 978 1301 1042 iugum
1338 979 1545 1025 extollat:

261 1048 377 1095 inter
398 1053 654 1112 Aegyptum
675 1063 718 1096 et
740 1050 992 1113 Aethiopias
1009 1052 1273 1103 harenarum
1289 1052 1452 1099 inculta
1468 1069 1547 1097 va-
1570 1082 1575 1087 -

261 1120 379 1167 flitas
411 1120 558 1168 iaceat.
588 1122 629 1168 Si
659 1123 755 1185 quis
777 1122 976 1170 formicis
1002 1124 1075 1170 det
1102 1124 1368 1171 intelleEtum
1399 1125 1546 1171 hom-i-

261 1193 355 1249 nis,
383 1211 530 1240 nonne
550 1209 591 1240 et
611 1194 715 1241 illae·
727 1213 856 1241 unam
884 1196 1093 1242 areamin
1115 1197 1270 1242 multas
1294 1195 1548 1257 provincias

263 1267 462 1313 divident
480 1268 497 1313 ?
525 1269 639 1313 Cum
662 1282 704 1314 te
724 1268 768 1313 in
789 1268 857 1313 illa
876 1285 979 1314 vere
1000 1285 1154 1331 magna
1175 1267 1387 1314 sustuleris
1405 1289 1415 1321 ·‚
1435 1285 1549 1331 quo-

260 1336 371 1382 tiens
390 1337 558 1384 videbis
578 1340 793 1385 exercitus
824 1339 1028 1385 subrectis
1048 1340 1111 1384 ire
1142 1339 1336 1395 vexillis,
1364 1350 1407 1384 et
1430 1339 1546 1402 quasi

260 1424 472 1472 magnum
494 1411 657 1473 aliquid
677 1425 852 1475 agatur,
873 1415 1064 1475 equitem
1087 1412 1225 1457 modo
1246 1412 1453 1457 ulteriora
1472 1429 1546 1459 ex-

259 1482 535 1544 plorantem,
553 1486 692 1531 modo
712 1504 736 1531 a
756 1485 962 1532 lateribus
983 1485 1163 1532 affusum
1176 1522 1188 1544 ,
1205 1485 1358 1531 libebit
1376 1485 1544 1532 dicere:

391 1595 435 1639 It
460 1596 621 1655 nigrum
648 1596 804 1655 campis
824 1613 984 1659 agmen,

259 1702 560 1747 formicarum
596 1702 671 1748 iste
699 1702 908 1749 discursus
933 1702 993 1749 est
1011 1735 1025 1757 ‚
1059 1702 1105 1747 in
1133 1701 1315 1765 angusto
1343 1701 1546 1747 laboran-

260 1775 382 1821 tium.
412 1775 535 1835 Quid
556 1775 636 1822 illis
656 1791 698 1821 et
718 1775 847 1822 nobis
869 1775 1042 1822 interest
1056 1812 1072 1833 ,
1093 1775 1167 1821 nifi
1185 1775 1331 1838 exigui
1351 1775 1547 1821 mensura

260 1846 543 1909 corpusculi?
584 1850 795 1898 Punffium
818 1847 879 1893 est
897 1848 1011 1894 istud
1041 1849 1085 1894 in
1111 1865 1201 1911 quo
1229 1846 1442 1911 navigatis
1460 1882 1472 1901 ,
1501 1847 1548 1893 in

261 1941 353 1986 quo
374 1924 538 1971 bellatis
552 1960 566 1980 ‚
592 1924 636 1970 in
655 1941 745 1987 quo
765 1942 898 1987 regna
915 1924 1142 1987 disponitis
1163 1942 1173 1969 :
1196 1923 1398 1979 minima,
1412 1923 1545 1968 eriam

261 2014 360 2043 cum
377 1997 457 2044 illis
474 1998 697 2065 utrimque
714 2000 919 2046 Oceanus
938 1997 1145 2045 occurrit.
1162 1996 1335 2043 Sursum
1354 1995 1546 2058 ingentia

261 2069 396 2132 spatia
420 2071 516 2116 sunt
531 2107 546 2128 ,
575 2071 618 2117 in
647 2089 837 2134 quorum
860 2069 1168 2134 poffeffionem
1191 2069 1360 2116 animus
1383 2068 1544 2115 admit-

259 2143 398 2189 titur:
438 2145 562 2191 atita
592 2146 826 2192 minimum
855 2145 998 2192 secum
1031 2162 1087 2191 ex
1123 2159 1313 2206 corpore
1347 2142 1474 2200 tulit,
1512 2143 1542 2188 fi

259 2215 487 2261 sordidum
525 2233 659 2263 omne
695 2216 893 2273 detersit,
933 2231 976 2264 et
1011 2217 1236 2279 expeditus
1272 2214 1465 2278 levisque
1493 2232 1543 2261 ac

261 2299 493 2334 contentus
522 2290 707 2336 modico
727 2290 919 2337 emicuit.
954 2292 1070 2336 Cum
1100 2291 1167 2335 illa
1188 2289 1357 2352 tetigit,
1389 2288 1541 2346 alitur,

261 2360 413 2407 crescit
439 2378 518 2407 :ac
541 2363 660 2409 velut
687 2363 873 2410 vinculis
900 2362 1130 2421 liberatus,
1162 2362 1207 2408 in
1233 2361 1445 2425 originem
1473 2378 1540 2408 re-

259 2429 337 2480 dit.
364 2433 420 2480 Et
433 2431 520 2482 hoc
538 2433 666 2482 habet
684 2446 991 2499 argumentum
1011 2433 1248 2484 divinitatis
1266 2434 1390 2492 suae,
1416 2434 1538 2498 quod
