1730 2870
258 115 353 165 370
516 100 565 147 L.
600 99 901 146 ANNAEI
956 98 1321 148 SENECAE

256 208 413 255 habere
429 206 612 255 terreni:
635 205 714 269 ipfi
736 216 957 270 praeterea
973 206 1134 256 cursus,
1168 205 1261 254 fere
1283 207 1400 255 enim
1420 224 1545 257 com-

254 281 475 345 pelluntur
500 280 547 327 in
566 275 777 328 cardines.

305 353 497 426 ‚xxm
525 355 781 417 Utrumque
813 351 965 400 falsum
1000 351 1072 400 est.
1111 352 1187 400 De
1224 353 1374 417 priore
1405 354 1547 402 dicam
1597 351 1601 354 ’

253 426 389 491 prius.
419 425 598 488 Quiane
631 425 796 473 tardius
824 425 1053 484 feruntur,
1078 443 1231 490 graves
1263 426 1393 474 sunt?
1422 428 1548 488 Quid

254 517 362 563 ergo
380 500 397 546 ?
417 500 545 547 Stella
563 500 735 546 Saturni
749 535 763 558 ,
785 515 898 563 quae
915 516 972 545 ex
989 499 1195 546 omnibus
1212 499 1293 546 iter
1314 501 1436 547 suum
1452 503 1547 548 len-

252 573 412 620 tiffime
447 574 611 630 efficit,
638 574 786 637 gravis
817 571 891 620 est,
922 573 1056 637 Atqui
1091 572 1280 620 levitatis
1314 590 1546 638 argumen-

251 657 345 693 tum
383 647 541 706 habet,
565 647 688 713 quod
709 647 836 710 super
856 661 1018 694 ceteras
1052 645 1126 693 est.
1158 646 1240 693 Sed
1258 646 1451 703 maiore,
1475 649 1546 695 in·-

254 720 381 784 quis,
410 721 578 769 ambitu
612 721 789 777 circuit,
816 737 898 766 nec
927 719 1093 765 tardius
1120 718 1155 766 it
1186 735 1319 782 quam
1352 732 1545 779 ceterae,

254 795 327 841 sed
341 795 526 859 longius.
545 799 778 844 Succurrat
795 794 876 841 tibi
890 830 903 851 ,
923 795 1040 840 idem
1061 810 1131 840 me
1148 793 1202 840 de
1213 794 1412 842 Cometis
1426 795 1547 857 posse

251 870 398 917 dicere
413 906 426 929 ‚
446 869 800 939 etixamfilsegnior
814 869 896 914 illis
915 868 1064 915 cursus
1077 868 1141 915 fit.
1166 868 1253 915 Sed
1270 869 1545 916 mendacium

250 941 337 997 est,
361 942 425 989 ire
445 959 523 990 eos
544 942 718 990 tardius.
739 941 854 988 Nam
875 941 990 987 intra
1006 940 1177 987 sextum·
1199 941 1392 989 mensem
1412 941 1544 988 dimi-

254 1016 371 1062 diam
395 1016 507 1063 coeli
537 1029 705 1078 partem
749 1013 1005 1061 transcurrit
1037 1013 1108 1061 hic
1140 1014 1396 1077 proximum
1422 1015 1545 1076 prior

247 1086 359 1134 intra
387 1087 618 1150 pauciores
650 1086 818 1134 menses
845 1084 1009 1148 recepit
1043 1084 1100 1134 se.
1137 1086 1224 1132 Sed
1256 1085 1357 1149 quia
1387 1102 1544 1149 graves

248 1159 372 1216 sunt,
393 1158 575 1219 inferius
588 1158 857 1206 deferuntur.
871 1157 1068 1203 Primum
1083 1173 1175 1202 non
1188 1155 1406 1215 defertur,
1421 1157 1545 1221 quod

250 1233 572 1280 circumfertur.
603 1231 782 1280 Deinde
810 1231 882 1278 hic
916 1230 1149 1292 proximus
1167 1248 1190 1277 a
1217 1230 1544 1293 Septemtrione

248 1319 394 1354 motus
413 1306 477 1353 sui
494 1306 670 1353 initium
693 1305 826 1362 fecit,
847 1320 891 1350 et
912 1319 990 1367 per
1020 1303 1314 1351 Occidentem
1341 1303 1385 1350 in
1408 1304 1537 1350 Meri-

248 1381 380 1427 diana
420 1380 658 1443 pervenit,
693 1377 951 1440 erigensque
987 1375 1112 1423 suum
1146 1375 1322 1423 cursum
1353 1376 1542 1424 oblituit.

250 1455 372 1501 Alter
390 1454 464 1500 ille
482 1452 746 1500 Claudianus
766 1466 790 1495 a
812 1449 1136 1512 Septemtrione
1162 1449 1358 1511 primum
1387 1448 1504 1495 visus
1528 1480 1542 1504 9

246 1543 342 1573 non
362 1526 486 1573 defiit
512 1526 556 1572 in
578 1527 742 1573 rectum
773 1523 936 1570 affidue
965 1521 1120 1570 celsior
1140 1522 1270 1581 ferri,
1293 1523 1438 1569 donec
1467 1540 1543 1570 ex-

249 1598 381 1645 ceffit.
416 1599 537 1645 Haec
569 1596 664 1643 sunt
684 1611 796 1660 quae
823 1607 898 1642 aut
922 1594 1032 1641 alios
1053 1611 1239 1643 movere
1256 1596 1309 1642 ad
1331 1597 1543 1643 Cometas

248 1671 509 1734 pertinentia
526 1706 545 1728 ,.
572 1682 646 1717 aut
672 1685 757 1715 me.
788 1669 917 1729 Quae
944 1685 999 1714 an
1022 1684 1128 1716 vera
1156 1667 1264 1727 lint,
1284 1668 1345 1715 dii
1370 1669 1509 1715 sciunt
1527 1702 1543 1725 ,

246 1744 406 1808 quibus
425 1743 486 1791 est
507 1743 684 1791 scientia
703 1740 811 1790 veri.
834 1739 978 1788 Nobis
994 1740 1144 1788 rimari
1163 1741 1235 1788 illa
1258 1753 1300 1789 et
1318 1741 1543 1789 coniec‘tu..
1558 1783 1569 1796 .,

247 1833 294 1863 ra
313 1817 376 1863 ire
393 1816 438 1862 in
458 1816 639 1863 occulto
665 1826 837 1861 tantum
856 1813 958 1861 licet
972 1849 987 1873 ,
1017 1831 1097 1862 nec
1116 1831 1218 1863 cum
1237 1813 1398 1863 fiducia
1413 1814 1542 1863 inve-

246 1889 394 1937 niendi
414 1926 426 1947 ‚
452 1907 533 1937 nec
552 1888 640 1936 fine
659 1891 746 1953 spe.

311 1964 466 2018 XXX.
488 1961 671 2024 Egregie
687 1959 944 2008 Aristoteles
962 1959 1045 2018 ait,
1067 1976 1293 2024 nunquam
1313 1976 1395 2008 nos
1412 1957 1548 2008 vere-⁴

246 2036 479 2084 cundiores
498 2034 584 2081 effe
616 2034 805 2091 debere,
826 2051 959 2096 quam
996 2050 1096 2080 cum
1130 2033 1184 2080 de
1216 2033 1297 2080 diis
1324 2033 1476 2096 agitur.
1496 2032 1539 2080 Si

243 2109 454 2155 intramus
478 2107 639 2169 templa
658 2106 892 2167 compofiti
913 2141 928 2164 ,
960 2105 989 2151 fi
1014 2107 1068 2154 ad
1093 2105 1354 2153 sacrificium
1391 2107 1538 2154 acces-

244 2179 328 2226 suri
367 2179 538 2226 vultum
573 2177 895 2234 submittimus,
929 2192 1079 2241 togam
1114 2177 1402 2236 adducimus,
1428 2178 1457 2224 fi
1493 2177 1537 2223 in

244 2267 379 2298 omne
399 2267 703 2315 argumentum
735 2250 973 2298 modestiae
997 2248 1203 2314 fingimur
1224 2262 1422 2314 :quanto
1451 2250 1537 2296 hoc

243 2325 380 2388 magis
399 2325 547 2372 facere
573 2325 786 2372 debemus
800 2360 814 2382 ‚
850 2341 949 2372 cum
971 2324 1025 2371 de
1042 2324 1249 2372 fidel-ibus
1263 2356 1279 2379 ‚
1305 2324 1360 2371 de
1378 2323 1506 2370 stellis
1522 2365 1536 2388 a

243 2397 298 2445 de
329 2399 516 2445 deorum
547 2411 702 2446 natura
721 2397 1021 2465 disputamus,
1043 2414 1098 2446 ne
1126 2397 1236 2462 quid
1255 2409 1453 2455 temere,
1482 2411 1535 2441 ne
