1730 2870
285 144 376 188 160
543 145 590 190 L.
636 144 930 189 ANNAEI
979 146 1338 192 SENECAE

278 249 380 297 inde
404 248 603 296 latiorem
621 285 633 306 ‚
655 267 705 296 ac
730 249 886 297 deinde
917 251 1024 299 alios
1049 254 1260 310 maiores,
1291 255 1436 302 donec
1459 270 1560 303 eva·
1594 299 1596 301 .

281 323 425 369 nescat
458 324 671 386 impetuS,
707 337 749 371 et
776 327 821 369 in
851 325 1075 386 planitiem
1105 328 1388 374 immotarum
1422 346 1558 392 aqua-

278 415 378 444 rum
411 397 616 444 solvatur.
652 399 760 444 Tale
792 399 999 461 quiddam
1025 401 1267 465 cogitemus
1300 403 1396 450 fieri
1427 404 1558 449 etiam

278 474 325 521 in
353 474 465 519 aere.
493 489 591 519 cum
624 472 793 533 spiffior
818 471 952 519 factus
970 509 983 531 ‚
1012 473 1178 537 plagam
1208 475 1362 523 sentire
1385 475 1560 539 potest,

280 546 357 593 lux
384 545 484 593 solis
515 558 587 592 aut
616 545 741 591 lunae
774 545 845 591 vel
876 546 1103 593 cuiuslibet
1126 547 1273 594 sideris
1301 549 1557 604 incurrens,

280 620 487 666 recedere
513 618 635 665 illum
668 619 713 664 in
749 619 936 666 circulos
966 620 1100 682 cogit.
1145 620 1259 665 Nam
1292 621 1483 679 humor,
1516 632 1560 667 et

280 692 379 750 ae'r,
409 704 452 738 et
479 708 613 738 omne
641 693 763 753 quod
797 710 849 739 ex
880 692 967 739 i&u
996 692 1183 738 formam
1213 692 1392 755 accipit,
1416 694 1460 740 in
1490 706 1558 739 ta-

279 768 367 814 lem
395 765 593 812 habitum
627 765 867 827 impellitur
887 801 900 823 ‚
937 765 1074 828 qualis
1110 765 1171 812 est
1202 756 1309 812 eius¹
1328 767 1447 829 quod
1470 767 1556 812 im—

280 841 412 905 pellit.
444 843 594 886 Omne
625 853 768 885 autem
803 840 951 888 lumen
983 840 1220 885 rotundum
1251 839 1312 886 est
1340 859 1349 886 τ
1379 857 1484 904 ergo
1516 851 1560 886 et

279 914 354 960 ae‘r
385 913 429 959 in
462 913 578 958 hunc
608 911 789 957 modum
821 912 1039 974 percuss'us
1071 912 1258 968 lumine,
1297 914 1445 961 exibit.
1481 913 1558 959 Ob

279 987 370 1033 hoc
399 987 502 1033 tales
527 986 778 1048 splendores
815 987 973 1033 Graeci
1003 988 1141 1033 Areas
1168 1003 1421 1033 vocavere:
1454 986 1557 1049 quia

279 1059 372 1105 fere
403 1057 592 1104 terendis
627 1057 826 1120 frugibus
860 1058 957 1105 loca
993 1059 1197 1105 destinata
1228 1058 1323 1105 sunt
1356 1059 1557 1105 rotunda.

279 1132 386 1178 Non
406 1130 466 1176 est
485 1144 628 1176 autem
649 1131 767 1193 quod
795 1130 1089 1178 existimemus
1104 1167 1116 1189 ‚
1145 1131 1268 1185 istas,
1295 1133 1383 1177 five
1403 1143 1526 1177 areae
1543 1166 1557 1187 ‚

277 1205 368 1252 five
389 1220 581 1251 coronae
604 1204 700 1263 fint,
719 1205 762 1250 in
787 1205 950 1253 vicinia
975 1197 1160 1252 siderum
1181 1205 1286 1252 fieri.
1313 1204 1556 1250 Plurimum

276 1278 394 1326 enim
417 1278 588 1336 absunt,
619 1278 817 1342 quamvis
842 1280 1019 1342 cingere
1050 1296 1100 1325 ea
1126 1292 1168 1325 et
1193 1296 1407 1326 coronare
1433 1279 1556 1324 vide—

278 1365 419 1399 antur.
448 1354 552 1398 Non
579 1351 712 1415 longe
738 1369 760 1398 a
789 1367 899 1399 terra
927 1353 974 1398 fit
996 1351 1282 1415 taliseffigies
1302 1371 1311 1398 :
1334 1369 1464 1415 quam
1488 1351 1554 1396 vi-

277 1428 344 1474 sus
373 1427 519 1473 noster
546 1427 668 1473 solita
699 1427 991 1474 imbecillitate
1020 1427 1251 1490 deceptus,
1280 1428 1394 1473 circa
1415 1424 1554 1485 ipsum

275 1498 391 1546 sidus
415 1511 536 1562 putat
565 1498 763 1560 positam.
798 1502 843 1544 In
872 1499 1032 1546 vicinia
1057 1513 1199 1546 autem
1230 1501 1396 1560 soliset
1418 1499 1557 1548 stella-

274 1587 370 1618 rum
405 1572 510 1617 nihil
543 1572 625 1618 tale
657 1571 798 1634 potest
827 1572 919 1618 fieri
950 1591 960 1619 :
992 1574 1093 1635 quia
1123 1574 1211 1619 illic
1238 1575 1384 1619 aether
1414 1573 1557 1617 tenuis

273 1643 349 1691 est.
379 1645 490 1690 Nam
520 1642 691 1690 formae
721 1644 864 1692 crassis
892 1645 1068 1691 demum
1101 1646 1315 1708 spiffisque
1349 1645 1549 1706 corpori·

273 1717 354 1762 bus
385 1715 580 1778 imprimi
613 1715 752 1762 solent
788 1733 798 1761 :
827 1716 871 1762 in
908 1717 1128 1764 subtilibus
1159 1735 1250 1763 non
1285 1716 1445 1763 habent
1475 1714 1552 1761 ubi

273 1787 532 1842 consistant,
557 1800 629 1834 aut
658 1789 871 1836 haereant.
901 1792 946 1835 In
968 1790 1130 1836 balneis
1154 1806 1336 1853 quoque
1356 1789 1469 1835 circa
1488 1789 1552 1834 lu-

273 1877 452 1909 cernam
484 1860 567 1907 tale
596 1860 805 1923 quiddam
841 1862 1003 1924 adspici
1037 1862 1144 1909 solet
1160 1898 1175 1919 ,
1201 1862 1261 1908 ob
1289 1861 1400 1908 aeris
1432 1861 1548 1907 densi

273 1934 604 1981 obscuritatem:
626 1933 963 1997 frequenti-ssime
982 1948 1125 1982 autem
1145 1936 1288 1982 austro
1302 1968 1316 1991 ‚
1336 1953 1436 1982 cum
1458 1952 1554 1982 coe-

272 2009 364 2055 lum
387 2008 575 2054 maxime
594 2025 728 2071 grave
744 2022 787 2054 et
810 2009 981 2072 spissum
1004 2009 1077 2056 est.
1104 2009 1436 2072 Nonnunquam
1456 2027 1553 2071 pau-

273 2081 391 2128 latim
418 2081 643 2129 diluuntur
663 2097 706 2130 et
731 2083 954 2140 desinunt,
985 2100 1300 2147 nonnunquam
1326 2085 1381 2130 ab
1411 2084 1551 2146 aliqua

274 2168 396 2219 parte
427 2170 691 2219 rumpuntur
721 2175 731 2204 :
764 2173 807 2205 et
837 2158 937 2204 inde
966 2171 1149 2204 ventum
1183 2156 1341 2204 nautici
1371 2157 1553 2218 exspec-

275 2240 394 2285 tant⁹
424 2229 539 2276 unde
563 2241 794 2277 contextus
821 2246 1013 2277 coronae
1039 2230 1162 2292 perit.
1203 2231 1245 2276 Si
1270 2229 1385 2276 enim
1410 2245 1433 2274 a
1455 2228 1550 2289 sep·

277 2303 515 2350 temtrione
535 2303 792 2360 discesserit,
821 2302 987 2366 Aquilo
1009 2303 1118 2349 erit:
1146 2302 1175 2347 fi
1203 2304 1257 2349 ab
1286 2302 1515 2349 occidente
1537 2335 1551 2356 ,

275 2375 505 2421 Favonius.
551 2376 690 2434 Quod
721 2386 1024 2438 argumentum
1050 2373 1148 2430 est,
1180 2375 1288 2421 intra
1321 2390 1416 2421 eam
1446 2389 1546 2436 par-

273 2456 360 2492 tem
388 2446 503 2494 coeli
529 2446 603 2493 has
633 2444 725 2494 fieri
748 2463 961 2507 coronas,
986 2449 1098 2494 intra
1117 2464 1248 2511 quam
1276 2446 1396 2493 venti
1429 2461 1543 2509 quo·
