1730 2870
271 104 364 168 338
496 105 547 153 L.
596 95 886 151 ΑΝΝΑΕῙ
934 103 1290 152 SENECAE

271 213 329 257 At
353 212 428 259 ae'r
446 211 562 274 ipse,
597 210 673 275 qui
699 210 773 259 vel
802 221 1014 258 terrarum
1042 211 1169 275 culpa
1189 211 1262 260 vel
1281 211 1487 277 pigritia,
1511 227 1556 261 et

270 295 442 331 aeterna
472 283 604 331 noete
623 282 856 363 torpescit,
887 283 1032 346 gravis
1057 284 1354 332 haurientibus
1376 284 1468 331 est.
1487 286 1557 332 vel

270 370 510 418 corruptus
535 354 811 403 internorum
835 355 1004 419 ignium
1031 356 1172 414 vitio,
1198 375 1300 405 cum
1328 357 1390 404 est
1418 357 1560 421 longo

269 427 351 474 {itu
380 426 584 484 emissus,
618 444 779 490 purum
811 427 928 474 hunc
958 392 1261 492 liquidunique
1292 430 1479 476 maculat
1507 445 1559 476 ac

271 499 428 564 polluit
441 532 457 556 ‚
483 500 785 563 insuetumque
805 499 1065 546 ducentibus
1082 499 1278 562 spiritum
1293 532 1308 557 ‚
1327 500 1454 548 affert
1473 517 1561 546 no·-

271 591 328 622 va
355 590 513 637 genera
544 574 821 620 morborum.
868 573 1025 633 Quid,
1052 573 1175 636 quod
1206 591 1343 638 aquae
1378 591 1561 638 quoque

270 645 447 694 inutiles
471 646 801 710 pestilentesque
822 646 869 692 in
889 646 1042 692 abdito
1060 647 1194 694 latent
1207 682 1220 705 ,
1251 661 1300 695 ut
1321 665 1424 711 quas
1444 665 1561 695 nun-

271 734 403 781 quam
424 718 524 766 usus
547 732 751 766 exerceat
766 753 779 775 ,
800 734 1026 781 nunquam
1047 735 1151 764 aura
1169 718 1352 766 liberior
1372 720 1561 767 everbe-

272 789 372 836 ret?
397 790 574 836 Craffae
601 790 776 852 itaque,
795 800 838 835 et
865 789 992 852 gravi
1010 788 1193 852 caligine
1217 788 1562 854 sempiternaque

272 864 438 919 melae,
471 862 576 910 nihil
602 861 680 908 nifi
708 860 960 924 pestiferum
981 861 1028 908 in
1050 861 1092 908 se
1111 874 1153 907 et
1180 862 1446 924 corporibus
1474 879 1561 908 no-

272 936 368 984 stris
389 935 657 984 contrarium
679 934 855 982 habent.
882 936 970 982 Ae'r
983 951 1163 998 quoque
1178 935 1254 999 qui
1268 935 1486 982 admixtus
1503 935 1565 983 est

273 1010 385 1066 illis,
413 1009 580 1073 quique
608 1009 721 1056 inter
748 1009 840 1056 illas
867 1000 1043 1072 paludes
1073 1009 1213 1066 iacet,
1245 1025 1346 1056 cum
1367 1008 1563 1068 emersit,

274 1085 360 1131 late
385 1084 542 1131 vitium
563 1084 687 1131 suum
716 1084 900 1147 spargit,
931 1098 973 1130 et
1000 1083 1243 1131 haurientes
1270 1097 1407 1131 necat.
1441 1084 1563 1130 Faci-

274 1157 361 1204 lius
380 1172 525 1203 autem
545 1173 708 1217 pecora
731 1156 945 1216 sentiunt,
963 1157 1010 1203 in
1027 1173 1137 1221 quae
1156 1156 1397 1219 pestilentia
1417 1156 1564 1203 incur-

275 1246 373 1276 rere
393 1229 503 1277 solet
521 1247 613 1294 quo
631 1230 832 1277 avidiora
856 1230 954 1278 sunt
974 1247 985 1277 ε
1005 1242 1157 1294 aperto
1176 1230 1305 1277 coelo
1325 1230 1564 1292 plurimum

276 1312 460 1346 utuntur
474 1336 487 1357 ‚
506 1315 550 1347 et
567 1301 688 1365 aquis
702 1337 714 1358 ,
734 1317 917 1363 quarum
946 1300 1136 1346 maxima
1154 1299 1199 1346 in
1216 1299 1457 1363 pestilentia
1475 1300 1564 1347 cul-

275 1389 332 1435 pa
359 1371 435 1419 est.
466 1375 591 1420 Oves
610 1389 722 1419 vero
752 1373 969 1420 mollioris
998 1387 1176 1419 naturae
1196 1408 1210 1431 ‚
1239 1389 1332 1436 quo
1352 1372 1564 1435 propiora

276 1446 402 1493 terris
422 1446 566 1493 ferunt
588 1449 760 1509 capita,
783 1458 1007 1509 correptas
1028 1445 1111 1492 effe
1143 1462 1235 1492 non
1261 1445 1426 1504 miror,
1460 1463 1563 1493 cum

274 1519 445 1565 afflatus
482 1518 565 1564 diri
600 1518 709 1565 aeris
745 1518 862 1565 circa
896 1518 1030 1581 ipsam
1072 1517 1257 1564 humum
1297 1518 1565 1580 exceperint.

278 1590 507 1638 Nocuiffet
538 1590 609 1638 ille
643 1603 687 1638 et
721 1591 1005 1646 hominibus,
1039 1589 1070 1636 fi
1097 1590 1243 1637 maior
1268 1589 1462 1637 exiiss'et:
1489 1591 1565 1638 sed

277 1664 398 1709 illum
426 1663 556 1726 copia
586 1664 697 1711 ae'ris
726 1663 881 1710 finceri
905 1662 1136 1722 exstinxit,
1168 1677 1403 1727 antequam
1434 1676 1484 1712 ut
1511 1664 1567 1712 ab

278 1736 459 1784 homine
491 1737 635 1799 posset
653 1737 793 1794 trah1
824 1737 1032 1800 surgeret.

342 1812 561 1857 XXVIII.
599 1810 739 1857 Multa
770 1822 915 1857 autem
951 1824 1085 1857 terras
1119 1809 1279 1857 habere
1307 1810 1568 1877 mortifera,

275 1883 350 1930 vel
377 1899 431 1929 ex
465 1882 553 1929 hoc
579 1881 770 1946 intellige
791 1914 805 1937 ‚
837 1882 963 1945 quod
992 1894 1061 1929 tot
1093 1898 1264 1929 venena
1297 1883 1565 1942 nascuntur,

277 1973 370 2002 non
394 1973 526 2002 manu
546 1955 712 2019 sparsa,
733 1956 806 2002 sed
826 1955 1007 2018 sponte:
1036 1955 1131 2003 solo
1157 1955 1318 2003 scilicet
1346 1957 1533 2004 habente
1549 1993 1564 2015 ,

210 2050 213 2053 ¹
279 2043 327 2078 ut
356 2030 491 2090 boni,
524 2030 584 2077 ita
612 2030 716 2076 mali
742 2030 915 2077 semina.
942 2030 1091 2090 Quid,
1124 2031 1245 2093 quod
1267 2030 1462 2094 pluribus
1480 2033 1565 2077 Ita-

277 2104 360 2153 liae
389 2104 498 2152 locis
527 2121 606 2168 per
631 2104 844 2167 quaedam
871 2103 1090 2151 foramina
1117 2104 1317 2167 pestilens
1341 2105 1565 2152 exhalatur

280 2193 421 2239 vapor
437 2213 449 2232 ,
480 2193 614 2240 quem
645 2192 735 2221 non
755 2175 927 2222 homini
957 2176 1142 2233 ducere,
1169 2192 1262 2222 non
1284 2176 1401 2224 ferae
1420 2188 1563 2224 tutum

278 2250 372 2297 est?
408 2252 528 2298 Aves
551 2266 729 2314 quoque
757 2249 786 2296 fi
808 2249 852 2296 in
882 2249 1008 2296 illum
1038 2250 1273 2297 inciderint
1292 2286 1306 2308 ,
1331 2266 1562 2314 antequam

279 2324 410 2370 coelo
431 2323 615 2371 meliore
634 2324 843 2381 leniatur,
859 2323 904 2370 in
924 2324 1019 2388 ipso
1040 2324 1193 2371 volatu
1207 2323 1387 2380 cadunt,
1405 2324 1564 2371 livent-

280 2412 366 2459 que
389 2411 606 2461 corpora,
631 2408 674 2445 et
693 2412 784 2446 non
803 2396 926 2445 aliter
944 2412 1075 2461 quam
1103 2414 1182 2460 per
1201 2396 1294 2445 vim
1318 2395 1443 2443 elisae
1472 2394 1567 2441 fau-
