1730 2870
279 165 365 197 100
499 153 545 197 L.
607 150 906 212 ΑΝΝΑΕΙ
969 130 1358 197 saNacAss'

272 258 388 305 dico.
414 259 642 319 Quantum
664 256 891 318 possumus
916 274 1018 311 nos,
1039 275 1063 304 a
1081 258 1252 314 lubrico
1273 258 1551 306 recedamus:

268 330 317 377 in
351 328 473 377 ‘ficco
503 346 685 392 quoque
731 346 884 391 parum
915 328 1093 377 fortiter
1122 331 1289 377 stamus.
1335 334 1556 378 Occurres

274 403 363 450 hoc
397 403 503 460 loco
547 401 656 447 mihi
693 400 761 447 illa
798 401 976 464 publica
1018 416 1173 450 contra
1211 405 1383 450 Stoicos
1414 420 1556 451 voce:

274 475 418 522 Nimis
459 490 615 537 magna
654 471 940 536 promittitis,
989 476 1116 522 nimis
1152 477 1259 523 dura
1297 476 1557 540 praecipitis.

275 565 357 596 nos
385 547 707 595 homunciones
736 547 910 605 sumus,
941 549 1091 595 omnia
1120 549 1246 596 nobis
1276 566 1432 613 negare
1467 566 1559 595 non

271 620 508 684 poffumus.
528 620 799 667 Dolebimus
815 656 827 678 ,
852 620 925 667 sed
955 637 1105 682 parum
1128 639 1138 666 :
1166 623 1524 684 concupiscemus
1541 658 1556 680 ‚

275 694 346 740 sed
367 705 606 756 temperate
627 710 636 737 :
659 692 920 747 irascemur,
941 693 1010 738 sed
1032 693 1310 755 placabimur.
1342 694 1431 740 Scis
1448 710 1558 757 qua-

272 784 321 814 re
352 784 443 814 non
466 766 691 830 possumus
713 765 819 812 ista?
839 766 939 829 quia
968 783 1049 813 nos
1070 766 1192 828 poffe
1208 783 1304 813 vnon
1325 768 1556 814 credimus.

243 842 421 886 ,Immo
462 837 766 894 mehercules,
812 839 928 885 aliud
954 838 1014 885 est
1048 839 1094 885 in
1132 856 1190 885 re.
1238 839 1355 885 Vitia
1385 840 1558 898 nostra,

275 913 376 975 quia
410 928 634 970 amamus,
677 910 984 968 defendimus,
1025 922 1068 959 et
1104 911 1317 958 malumus
1357 913 1558 959 excusare

273 986 342 1033 illa
360 1021 374 1043 ‚
404 1002 535 1050 quam
562 998 777 1032 excutere.
813 985 920 1032 Satis
953 996 1101 1031 natura
1129 984 1300 1030 homini
1333 985 1452 1032 dedit
1479 1002 1556 1032 ro-

276 1057 396 1104 boris
411 1093 425 1115 ,
452 1057 484 1103 fi
510 1057 586 1103 illo
604 1068 775 1103 utamur
789 1093 803 1114 ,
835 1056 866 1103 sl
887 1057 1002 1104 vires
1023 1056 1185 1103 nostras
1207 1057 1460 1121 colligamus
1475 1094 1488 1115 ,
1508 1074 1557 1105 ac

276 1142 390 1177 totas
415 1146 499 1192 pro
528 1130 683 1184 nobis,
714 1141 831 1177 certe
861 1147 949 1177 non
985 1142 1137 1176 contra
1168 1147 1247 1177 nos
1273 1130 1556 1178 concitemus.

278 1202 411 1250 Nolle
439 1203 485 1249 in
510 1202 633 1250 causa
651 1201 740 1249 est:
760 1219 852 1249 non
881 1202 1002 1265 poffe
1023 1204 1331 1266 praetenditur.

525 1302 1009 1381 EptsroLA
1084 1324 1375 1379 CXV11.'

280 1461 608 1529 Quaestiuncula
622 1495 635 1518 ,
667 1466 744 1509 An
761 1497 775 1519 ,
805 1481 896 1508 cum
918 1463 1136 1523 Sapientia
1162 1461 1374 1525 bonumstt
1388 1497 1400 1518 ,
1431 1464 1554 1508 eciam

329 1536 473 1597 stipere
487 1537 512 1582 ἓ
535 1537 669 1580 Stoici
691 1537 798 1602 istud
815 1538 936 1598 vulgo
956 1552 1111 1597 negant
1127 1554 1143 1580 :
1174 1537 1251 1580 alii
1270 1534 1449 1599 afferunt
1463 1570 1475 1592 ,
1514 1534 1557 1581 δ’

337 1609 419 1667 ipse
437 1608 521 1675 istis
534 1609 717 1670 pronior.
744 1609 938 1669 Denique
955 1610 1152 1654 amolitur
1166 1608 1527 1669 lzaecficpervacua
1541 1642 1556 1665 ,

337 1679 382 1727 ὃ*
402 1684 460 1727 ad
474 1683 774 1742 formationem
797 1699 955 1735 morum
972 1684 1086 1742 strio
1113 1697 1245 1730 vocat.

272 1786 603 1905 MULTUM
633 1853 741 1901 mihi
758 1854 925 1918 tibique
954 1852 1123 1917 negotii
1149 1851 1459 1910 concinnabis,
1479 1866 1522 1900 et
1541 1888 1556 1911 ‚

272 1931 378 1976 dum
400 1930 563 1987 nescis,
589 1929 635 1976 in
665 1946 866 1994 magnam
896 1946 967 1976 me
984 1930 1103 1975 litem
1130 1945 1180 1975 ac
1201 1927 1445 1975 molestiam
1472 1928 1556 1973 im-

272 2003 423 2068 pinges
440 2038 454 2061 ‚
484 2004 563 2067 qui
591 2003 699 2050 mihi
722 2004 825 2051 tales
847 2002 1195 2067 quaestiunculas
1215 2002 1345 2064 ponis
1364 2038 1377 2057 ‚
1397 2000 1440 2047 in
1459 2002 1559 2064 qui-

269 2079 351 2126 bus
388 2095 473 2142 ego
504 2095 585 2125 nec
619 2077 841 2125 dissentire
882 2094 906 2124 a
938 2076 1093 2123 nostris
1126 2075 1238 2122 salva
1272 2075 1407 2140 gratia
1427 2111 1440 2133 ‚
1475 2093 1556 2123 nec

270 2150 519 2199 consentire
538 2150 651 2198 salva
682 2151 948 2198 conscientia
968 2150 1153 2213 poffum.
1172 2149 1381 2210 Quaeris,
1406 2165 1459 2194 an
1478 2166 1558 2196 ve-

269 2240 369 2269 rum
391 2223 468 2277 fit,
482 2222 607 2287 quod
625 2222 779 2269 Stoicis
805 2223 968 2285 placet,
981 2222 1245 2285 Sapientiam
1265 2223 1434 2268 bonum
1454 2220 1558 2276 effe,

270 2295 420 2357 sapere
452 2296 621 2342 bonum
657 2311 748 2341 non
778 2294 902 2341 effe?
935 2294 1131 2341 Primum
1167 2309 1384 2356 exponam
1408 2326 1422 2349 ‚
1449 2293 1558 2354 quid

271 2367 430 2414 Stoicis
455 2367 677 2413 videatur:
696 2379 786 2413 tum
814 2366 957 2414 dicere
981 2356 1232 2415 sententiam
1254 2366 1438 2414 audebo.
1457 2367 1556 2412 Pla-

271 2452 341 2488 cet
378 2438 570 2499 nostris,
608 2440 734 2503 quod
768 2441 937 2488 bonum
968 2439 1063 2500 est,
1096 2439 1180 2490 effe
1217 2456 1412 2504 corpus:
1444 2440 1547 2504 quia
