1730 2870
397 141 656 194 NATUR.
708 142 1008 207 QUAEST.
1059 148 1175 193 ΜΒ.
1214 150 1245 194 1.
1367 140 1456 213 179

179 254 315 312 lucis,
349 253 524 316 quidam
556 251 791 307 micantes,
823 252 997 314 quidam
1029 252 1264 314 aequaliter
1295 264 1338 299 et
1369 253 1457 299 sine

180 327 483 389 eruptionibus
515 342 588 372 aut
613 327 741 373 radiis
770 326 893 372 fulvi.
921 326 1130 372 Videmus
1160 342 1293 389 ergo,

245 401 463 443 Stellarum
500 403 645 460 longos
674 419 699 443 a
721 416 825 460 tergo
851 399 1038 459 albescere
1063 400 1230 445 trac'z‘us.

179 470 274 516 Hae
294 469 414 514 velut
441 468 578 513 stellae
606 469 802 514 exsiliunt
833 483 875 514 et
901 469 1195 529 transvolant,
1228 472 1458 519 videntur-

181 556 265 602 que
302 540 482 601 longum
512 539 655 601 ignem
688 541 943 602 porrigere,
982 555 1163 602 propter
1200 543 1457 592 immensam

181 613 443 660 celeritatem
468 629 479 657 z
505 630 605 659 cum
637 615 751 661 acies
781 615 925 660 nostra
945 631 1035 660 non
1059 616 1273 662 discernat
1301 619 1457 664 tranfi-

179 700 271 734 tum
300 703 475 742 earum,
504 685 576 732 sed
606 703 864 749 quacunque
893 702 1201 745 cucurrerunt,
1239 690 1282 735 id
1311 702 1458 738 totum

178 760 353 824 igneum
380 761 537 807 credat.
568 761 710 805 Tanta
732 760 847 804 enim
875 759 936 805 est
962 760 1175 806 velocitas
1205 777 1377 819 motus,
1409 775 1458 808 ut

178 846 319 896 partes
355 835 450 879 eius
488 849 580 878 non
622 832 933 894 dispiciantur,
977 832 1046 878 sed
1082 845 1248 879 tantum
1288 833 1457 879 summa

178 907 425 970 prendatur.
457 906 738 969 Intelligimus
767 907 929 969 magis,
963 923 1047 969 qua
1073 919 1278 969 appareat
1309 907 1457 966 stella,

175 997 305 1042 quam
327 984 411 1042 qua
429 992 510 1025 eat.
537 982 685 1042 Itaque
707 980 823 1025 velut
841 979 940 1041 igne
965 981 1180 1026 continuo
1202 994 1343 1027 totum
1372 981 1454 1027 iter

179 1053 339 1117 signat:
359 1054 459 1117 quia
480 1053 594 1099 visus
612 1053 747 1098 nostri
768 1054 942 1098 tarditas
961 1070 1050 1099 non
1071 1053 1336 1118 subsequitur
1356 1071 1457 1102 mo-i

178 1138 322 1172 menta
342 1126 581 1180 currentis,
608 1126 679 1171 sed
706 1126 828 1172 videt
855 1126 980 1171 fimul
1009 1141 1051 1173 et
1080 1127 1422 1173 unde‘exfilierit
1439 1137 1461 1186 ,‘

175 1211 219 1246 et
242 1215 333 1262 quo
351 1200 615 1261 pervenerit.
645 1200 783 1259 Quod
803 1198 852 1245 fit
871 1199 914 1244 in
943 1199 1122 1245 fulmine
1141 1235 1153 1256 ,
1176 1200 1333 1263 longus
1367 1216 1456 1245 nod

172 1270 239 1317 bis
257 1271 434 1318 videtur
451 1271 562 1333 ignis
581 1271 671 1317 eius
691 1289 701 1316 :
724 1271 823 1333 quia
843 1271 933 1316 cito
952 1271 975 1315 s
971 1272 1133 1334 parium
1156 1271 1277 1317 suum
1299 1273 1454 1318 tranfi-

171 1343 250 1400 lit‚
286 1356 330 1390 et
359 1343 497 1389 oculis
528 1342 686 1388 nostris
720 1344 913 1389 occurrit
937 1344 1189 1389 universum
1222 1361 1300 1406 per
1331 1342 1455 1407 quod

173 1416 362 1463 deieEtus
382 1415 452 1463 est.
474 1420 533 1461 'At
555 1415 624 1461 ille
646 1431 736 1461 non
758 1413 818 1461 est
837 1416 997 1462 extenti
1016 1418 1243 1478 corporis,
1264 1433 1340 1479 per
1354 1433 1455 1463 om-

174 1505 228 1536 ne
248 1505 334 1552 qua
359 1488 494 1535 venit.
540 1488 699 1550 Neque
723 1500 811 1548 tam
833 1487 960 1550 longa
982 1501 1025 1533 et
1049 1501 1274 1535 extenuata
1299 1489 1344 1534 in
1368 1490 1457 1535 im-··

176 1574 325 1624 petum
347 1562 500 1608 valent.
523 1561 775 1621 Quomodo
795 1577 904 1622 ergo
923 1561 1176 1622 profiliunt?
1203 1564 1361 1609 Attritu
1379 1565 1458 1610 ae‘-·

175 1634 232 1680 ris
257 1633 367 1696 ignis
402 1633 626 1688 incensus,
652 1645 792 1678 vento
820 1633 1299 1695 praeceps-impellitur
1323 1651 1334 1680 τ
1361 1648 1455 1681 non·

174 1706 344 1767 semper
372 1717 516 1750 tamen
543 1718 681 1750 vento
711 1703 914 1749 attrituve
939 1702 1002 1749 fit.
1033 1705 1362 1767 Nonnunquam
1395 1716 1454 1752 ex?

176 1776 317 1839 aliqua
336 1776 665 1837 opportunitate
691 1774 802 1820 ae'ris
827 1774 1024 1820 nascitur.
1057 1775 1196 1821 Multa
1219 1779 1334 1824 enim
1356 1778 1453 1826 sunt?
1491 1778 1495 1781 ⁷

174 1847 218 1894 in
244 1848 415 1894 sublimi
435 1848 544 1893 ficca
558 1883 571 1903 ‚
601 1847 737 1893 calida
755 1882 768 1904 ‚
794 1860 965 1893 terrena
981 1882 994 1902 ‚
1015 1846 1128 1894 inter
1148 1866 1260 1912 quae
1280 1851 1449 1908 oritur,

173 1935 216 1968 et
236 1921 441 1983 pabulum
467 1920 588 1966 suum
610 1919 869 1982 subsequens
900 1920 1078 1976 defluit,
1109 1921 1300 1985 ideoque
1321 1923 1452 1971 velo-

174 1993 280 2044 citer
305 1993 480 2055 rapitur.
511 1998 566 2039 At
594 2009 727 2055 quare
755 1993 883 2038 color
907 1992 1103 2040 diversus
1127 1993 1218 2040 est?
1239 1996 1356 2056 Quia
1377 2013 1463 2043 re·<

174 2063 281 2122 fert,
302 2063 425 2127 quale
444 2065 492 2111 fit
509 2065 554 2110 id
573 2066 694 2128 quod
714 2065 986 2123 incenditur,
1005 2078 1047 2111 et
1066 2082 1194 2128 quam
1214 2067 1462 2117 vehemens·-

173 2153 268 2199 quo
302 2138 561 2184 incenditur.
587 2141 778 2185 Ventum
813 2151 958 2185 autem
994 2139 1202 2203 fignificat
1234 2140 1451 2192 eiusmodi

168 2208 333 2272 lapsus,
361 2222 405 2256 et
435 2209 608 2273 quidem
642 2212 695 2256 ab
717 2227 765 2256 ea
795 2226 915 2272 parte
935 2228 1020 2274 qua
1039 2211 1242 2275 erumpit.

242 2286 343 2331 XV.
390 2279 596 2346 Fulgores
615 2316 630 2340 ,
672 2284 838 2346 inquit,
885 2285 1119 2347 quomodo
1158 2284 1269 2332 fiunt
1287 2313 1301 2342 ,
1337 2299 1452 2350 quos'

175 2357 336 2405 Graeci
353 2358 445 2403 Sela
470 2357 720 2419 appellant?
745 2356 926 2415 Multis,
945 2370 992 2403 ut
1014 2357 1133 2403 aiunt
1152 2392 1167 2414 ‚
1187 2358 1345 2405 modis.
1364 2362 1451 2406 Po-

175 2429 254 2478 test
272 2430 372 2478 illos
391 2443 630 2493 ventorum
649 2430 717 2479 vis
733 2429 861 2479 edere
877 2465 892 2490 ‚
926 2429 1068 2494 Potest
1090 2430 1326 2541 [Ιζιρενὶοτίε
1344 2449 1470 2492 coe-1:

1128 2499 1149 2542 1
1190 2512 1216 2543 a
