1730 2870
496 156 1069 208 EPISTOLAE.
1364 170 1421 218 59

152 265 250 314 tatis
269 263 621 327 consuetudinem
643 264 737 310 fieri
751 301 764 321 ‚
783 264 858 311 ubi
878 264 923 316 in
941 263 1210 325 voluptatem
1231 260 1333 307 effer
1351 263 1428 306 ad—

154 341 280 388 du&a
307 337 524 384 laceratio.
545 337 815 393 Adiiciebar‚
838 335 1177 384 contrahendam
1203 333 1429 379 materiam

142 411 238 458 ,esse
257 408 453 455 luxuriae
476 426 486 454 ε
510 409 771 472 colligebat,
794 408 936 454 bonae
954 405 1192 453 valetudini
1214 403 1431 451 contraria

155 481 240 528 esse
265 482 462 526 alimenta
491 482 639 539 varia,
662 496 705 528 et
735 479 890 526 nostris
917 480 1053 525 aliena
1078 478 1350 540 corporibus.
1373 479 1432 523 At

153 556 423 618 Pythagoras
447 555 644 600 omnium
679 554 791 600 inter
821 553 969 599 omnia
995 552 1306 615 cognationem
1341 551 1428 597 effe

155 627 351 683 dicebat,
377 640 418 673 et
435 627 620 672 aliorum
646 626 958 672 commercium
979 625 1023 670 in
1045 625 1150 670 alias
1170 636 1303 687 'atque
1329 624 1429 670 alias

155 699 319 747 forma«,
356 699 679 746 transeuntium.
718 698 851 745 ‚Nulla
886 695 950 760 (si
978 696 1040 742 illi
1072 694 1253 760 credas)
1282 692 1431 742 'anima

154 769 327 828 interit,
362 787 441 818 nec
475 762 612 817 cessat*
640 769 816 832 quidem
840 802 854 824 ,
887 769 963 814 nisi
1003 784 1204 830 tempore
1237 769 1396 832 exiguo
1416 803 1432 823 ‚

156 843 259 891 dum
292 844 334 888 in
364 844 481 889 aliud
515 860 672 900 corpus
705 842 1031 889 transfunditur„
1067 841 1321 888 Viderimus
1351 857 1431 901 per

155 932 261 977 quas
281 929 529 977 temporum
552 917 671 961 vices
685 951 699 972 ‚
725 931 765 962 et
784 916 962 976 quando
988 914 1216 977 pererratis
1237 913 1434 976 pluribus

156 985 411 1038 domiciliis,
431 987 474 1032 in
501 987 728 1033 hominem
750 999 1026 1033 revertatur:
1059 987 1234 1034 interim
1265 985 1433 1032 sceleris

156 1057 411 1104 hominibus
434 1075 483 1104 ac
506 1057 725 1118 parricidii
747 1070 910 1103 metum
931 1056 1037 1103 fecit
1052 1092 1064 1113 ‚
1094 1073 1191 1103 cum
1214 1055 1373 1118 possint
1389 1055 1436 1101 in

156 1131 346 1191 parentis
364 1130 553 1175 animam
583 1130 707 1176 inscii
735 1129 982 1184 incurrere,
1014 1145 1057 1175 et
1086 1128 1206 1175 ferro
1227 1129 1437 1176 morsuve

157 1199 352 1256 violare,
387 1201 433 1244 in
460 1216 551 1262 quo
583 1215 793 1262 cognatus
818 1201 971 1261 aliquis
994 1199 1167 1262 spiritus
1188 1199 1434 1260 hospitare-

156 1281 240 1317 tur.
270 1271 388 1317 Haec
415 1287 514 1317 cum
546 1271 809 1332 exposuisset
836 1272 992 1317 Sotion
1010 1307 1023 1326 ,
1047 1283 1088 1316 et
1118 1271 1334 1334 implesset
1366 1287 1435 1316 ar—

156 1342 371 1406 gumentis
411 1344 511 1402 suis,
540 1344 646 1389 Non
679 1343 847 1399 credis,
880 1343 1055 1406 inquit,
1088 1342 1250 1388 animas
1280 1341 1325 1387 in
1356 1342 1438 1387 alia

160 1432 349 1478 corpora
377 1428 506 1478 atque
543 1416 623 1462 alia
657 1415 877 1466 describi?
912 1428 953 1461 et
977 1414 1287 1477 migrationem
1318 1413 1403 1460 effe
1422 1445 1438 1467 ‚

159 1505 290 1552 quam
307 1488 490 1536 dicimus
508 1487 591 1535 effe
611 1502 800 1536 mortem
820 1489 838 1535 ἒ
865 1489 971 1535 Non
999 1489 1139 1536 credis
1157 1489 1201 1534 in
1222 1488 1286 1534 his
1307 1504 1438 1549 pecu-

159 1562 288 1607 dibus
307 1560 464 1608 serisve
481 1593 495 1616 ‚
516 1573 588 1606 aut
615 1579 725 1624 aqua
751 1561 918 1620 mersis,
946 1562 1066 1607 illum
1097 1562 1319 1624 quondam
1350 1560 1438 1606 ho-

161 1633 290 1679 minis
320 1635 509 1680 animum
544 1635 737 1680 morari?
779 1636 884 1681 Non
914 1635 1054 1681 credis
1083 1635 1189 1680 nihil
1217 1634 1357 1697 perire
1391 1633 1438 1679 in

160 1707 248 1753 hoc
265 1708 430 1753 mundo
446 1744 459 1765 ‚
486 1709 554 1754 sed
575 1723 742 1756 mutare
766 1709 1026 1773 regionem?
1050 1725 1129 1755 nec
1147 1721 1312 1755 tantum
1332 1723 1434 1754 coe-

161 1778 277 1824 lestia
306 1796 382 1840 per
412 1792 554 1827 certos
583 1781 790 1828 circuitus
821 1781 964 1838 verti,
997 1781 1068 1827 sed
1095 1780 1291 1826 'animalia
1321 1796 1439 1842 quo-

161 1868 247 1913 que
272 1868 350 1913 per
367 1851 487 1899 vices
508 1853 597 1910 ire,
631 1864 674 1898 et
699 1852 868 1901 animos
889 1868 966 1914 per
984 1852 1138 1897 orbem
1158 1852 1225 1914 agi
1244 1851 1261 1897 ἓ
1287 1849 1437 1912 Magni

160 1921 238 1968 ista
267 1923 544 1970 crediderunt
566 1922 663 1971 viri.
690 1923 833 1986 itaque
861 1923 1073 1970 iudicium
1102 1923 1277 1985 quidem
1311 1934 1437 1968 tuum

162 1993 317 2040 sustine
350 2011 360 2039 :
395 2007 586 2042 ceterum
617 1996 764 2041 omnia
788 1996 865 2041 tibi
895 1995 1057 2058 integra
1087 1995 1221 2041 serva.
1257 1994 1301 2040 Si
1332 2010 1439 2041 vera

164 2067 260 2114 sunt
294 2066 398 2123 ista,
436 2068 676 2115 abstinuisse
707 2061 960 2115 animalibus
990 2067 1235 2114 innocentia
1267 2067 1325 2112 est
1354 2085 1366 2113 :
1402 2067 1435 2113 fi

165 2140 294 2198 falsa,
340 2140 555 2205 frugalitas
595 2142 666 2189 est.
723 2142 863 2202 Quod
908 2140 1001 2188 istic
1039 2139 1296 2189 crudeliiatis
1339 2153 1436 2185 tuae

169 2213 378 2259 damnum
408 2215 494 2260 est?
523 2215 733 2262 Alimenta
762 2214 838 2260 tibi
856 2215 1033 2260 leonum
1053 2227 1094 2258 er
1113 2214 1334 2259 vulturum
1353 2212 1440 2257 eri-

166 2286 258 2348 pio.
289 2286 368 2333 His
409 2288 651 2343 instinCtus3
685 2288 892 2335 abstinere
923 2286 1179 2334 animalibus
1206 2285 1360 2348 coepi:
1393 2298 1438 2332 et

165 2376 281 2406 anno
310 2364 484 2421 peracto
516 2378 606 2407 non
639 2374 803 2407 tantum
831 2361 967 2407 facilis
994 2373 1083 2407 erat
1116 2359 1222 2406 mihi
1255 2360 1437 2409 consue-

165 2433 272 2480 tudo
291 2463 306 2488 ,
337 2433 408 2482 sed
441 2434 590 2495 dulcis.
613 2435 853 2500 Agiliorem
878 2433 986 2482 milii
1011 2434 1206 2483 animum
1231 2432 1316 2482 effe
1336 2450 1431 2481 cre-
