1730 2870
494 138 1096 187 EPISTOLAE.
1379 143 1432 187 81

146 252 239 300 dii:
271 267 378 315 ergo
407 266 497 296 non
531 249 628 295 sunt
661 247 875 294 animalia.
919 251 1069 295 Omne
1097 248 1312 295 rationale
1346 250 1439 296 ani-

149 325 236 371 mal
271 322 376 368 nihil
397 321 513 384 agit,
544 321 620 366 nisi
652 320 840 382 primum
875 321 1016 383 specie
1044 321 1221 368 alicuius
1249 321 1312 367 rei
1343 322 1441 368 irri-

150 409 285 444 tatum
319 394 407 451 est,
442 394 603 439 deinde
638 394 851 455 impetum
883 395 1035 456 cepit,
1073 395 1229 440 deinde
1262 394 1442 442 assensio

151 467 437 517 confirmavit
465 468 581 514 hunc
618 468 845 529 impetum.
888 468 1011 528 Quid
1046 468 1096 514 fit
1128 470 1337 526 assensio,
1375 471 1443 517 di-

150 558 263 590 cam.
306 543 501 603 Oportet
521 557 594 586 me
625 541 876 586 ambulare:
904 556 1007 587 tunc
1027 541 1205 587 demum
1233 544 1444 603 ambulo,

148 632 248 663 cum
277 614 362 660 hoc
392 612 499 659 mi'ni
530 613 650 670 dixi,
696 624 738 659 et
765 613 1011 674 approbavi
1042 614 1152 660 hanc
1183 615 1446 676 opinionem

150 703 307 734 meam.
333 698 510 748 oportet
530 702 600 731 me
629 685 775 732 sedere
798 703 809 731 ε
839 699 944 731 tunc
965 686 1142 732 demum
1163 687 1307 735 sedeo.
1335 690 1444 737 haec

151 759 333 808 assensio
363 761 404 805 in
437 760 602 806 vii-tute
637 776 726 804 non
764 758 837 807 est.
874 761 979 806 Puta
1003 759 1122 806 enim
1162 764 1442 824 prudentiam

154 832 312 879 animal
343 831 429 877 esse
450 848 461 876 :
483 830 717 893 quomodo
734 830 1018 878 assentietur?
1045 834 1242 894 Oportet
1261 852 1332 881 me
1350 853 1442 882 am·-

151 906 315 953 bulare.
350 905 437 950 hoc
483 916 632 949 natura
661 919 750 948 non
779 904 958 966 recipit:
999 907 1230 968 prudentia
1262 910 1378 955 enim
1405 903 1447 957 ei

157 977 282 1024 cuius
303 976 363 1023 est
388 975 624 1038 prospicit,
648 992 737 1021 non
764 975 854 1022 fibi.
876 977 990 1022 Nam
1012 995 1093 1025 nec
1122 980 1344 1028 ambulare
1362 998 1447 1045 po-

156 1049 264 1106 test,
292 1066 369 1096 nec
391 1049 563 1095 sedere:
584 1064 693 1110 ergo
718 1048 1003 1097 assensionem
1030 1068 1122 1098 non
1148 1053 1275 1100 habet
1295 1075 1303 1099 ι
1324 1056 1447 1119 quod

158 1122 440 1169 assensionem
479 1138 569 1167 non
603 1124 762 1179 habet,
797 1123 1009 1171 rationale
1052 1126 1212 1172 animal
1249 1144 1342 1174 non
1374 1130 1447 1175 est„

162 1197 314 1242 Virtus
346 1195 375 1240 si
401 1195 559 1241 animal
587 1195 670 1250 est,
700 1195 914 1242 rationale
940 1196 1028 1243 est:
1062 1198 1273 1245 rationale
1302 1214 1448 1249 autem

163 1284 256 1315 non
284 1266 346 1314 est
369 1303 385 1324 ‚
427 1283 535 1331 ergo
569 1284 650 1313 nec
685 1267 855 1313 animal.
894 1268 936 1314 Si
969 1268 1111 1315 virtus
1149 1271 1308 1316 animal
1339 1273 1399 1318 est
1435 1290 1449 1320 :

162 1339 304 1387 virtus
335 1354 477 1384 autem
510 1339 677 1384 bonum
710 1338 801 1384 est:
829 1354 963 1385 omne
988 1340 1154 1385 bonum
1183 1342 1340 1389 animal
1377 1344 1452 1393 est.

163 1415 266 1461 Hoc
289 1412 425 1459 nostri
454 1411 659 1457 fatentur.
684 1413 855 1458 Patrem
885 1410 1055 1459 servare
1071 1449 1084 1470 ‚
1107 1413 1272 1461 bonum
1296 1416 1382 1463 est:
1408 1432 1452 1465 et

166 1486 420 1534 sententiam
453 1485 689 1547 prudenter
718 1485 763 1531 in
796 1485 940 1531 senatu
963 1485 1129 1542 dicere,
1164 1489 1331 1535 bonum
1355 1490 1452 1539 est:

165 1573 208 1605 et
221 1557 327 1605 iuste
348 1558 580 1604 decernere
596 1592 609 1615 ,
629 1558 796 1603 bonum
817 1558 890 1605 est.
910 1560 1029 1621 Ergo
1050 1576 1093 1606 et
1116 1576 1282 1621 patrem
1304 1563 1453 1611 serva-

167 1649 215 1680 re
232 1664 246 1686 ‚
268 1630 424 1678 animal
450 1628 510 1675 est
530 1647 541 1675 :
564 1644 607 1676 et
635 1630 870 1692 prudenter
888 1630 1034 1677 dicere
1050 1660 1064 1687 ,
1092 1633 1249 1679 animal
1267 1635 1340 1682 est.
1369 1651 1454 1683 eo-

169 1705 304 1768 usque
325 1719 392 1749 res
415 1703 621 1761 excedet,
653 1718 701 1748 ut
722 1703 851 1748 risum
876 1715 1024 1750 tenere
1045 1721 1136 1750 non
1167 1707 1314 1768 posits⁰
1344 1722 1459 1770 pru-2

170 1778 323 1825 denter
347 1788 514 1833 tacere,
545 1789 589 1822 et
622 1792 810 1823 coenare
835 1776 974 1831 bene,
1006 1775 1173 1824 bonum
1209 1778 1303 1824 est:
1332 1782 1390 1827 ita
1411 1790 1455 1829 et

168 1865 310 1897 tacere
341 1860 384 1894 et
408 1864 624 1905 coenare,
653 1847 812 1894 animal
841 1847 914 1894 est.
948 1850 1043 1912 Ego
1070 1851 1322 1898 mehercule
1352 1854 1456 1899 titil=

168 1922 258 1969 lare
283 1937 374 1967 non
404 1919 592 1966 desinam
611 1955 625 1977 ,
653 1932 696 1966 et
728 1921 857 1967 ludos
885 1921 993 1967 mihi
1022 1939 1080 1969 ex
1109 1922 1198 1969 istis
1228 1926 1456 1974 subtilibus

169 1992 342 2056 ineptiis
363 1991 514 2038 facere.
543 1991 702 2039 Iustitia
729 2006 772 2039 et
797 1993 1016 2041 fortitudo
1042 1996 1073 2041 fi
1099 1998 1300 2043 animalia
1327 1997 1454 2057 sunt,

171 2079 289 2113 certe
314 2065 526 2113 terrestria
560 2067 668 2113 sunt.
711 2067 860 2112 Omne
888 2068 1048 2114 animal
1079 2069 1278 2116 terrestre
1309 2071 1422 2133 alget
1442 2108 1457 2129 ,

173 2138 325 2196 esurit,
348 2138 460 2185 sitit:
487 2156 593 2203 ergo
623 2139 778 2186 iustitia
800 2140 912 2203 alget
926 2173 940 2196 ‚
962 2142 1179 2189 fortitudo
1201 2146 1344 2195 eturit,
1366 2146 1457 2191 clem

173 2212 335 2259 mentia
355 2212 451 2259 sitit.
470 2214 592 2273 Quid
612 2231 751 2276 porro
771 2231 862 2260 non
883 2215 1165 2278 interrogaoo
1189 2218 1306 2272 illos,
1326 2235 1457 2281 quam

173 2285 356 2348 figuram
387 2286 568 2333 habeant
591 2288 666 2333 ista
689 2288 915 2347 animalia,
936 2290 1152 2346 hominis,
1181 2310 1232 2335 zan
1253 2294 1376 2354 equi,
1404 2309 1460 2340 an

175 2357 325 2405 ferae?
355 2358 397 2403 Si
423 2360 652 2405 rotundam
674 2360 755 2407 illis
769 2396 784 2418 ,
804 2363 975 2424 qualem
1000 2364 1128 2421 Dec,
1149 2364 1345 2411 dederint
1365 2362 1462 2411 for-

177 2446 324 2478 mam:
354 2448 586 2495 quaeram,
619 2450 673 2479 an
699 2448 741 2481 et
769 2436 951 2483 avaritia
969 2472 983 2496 ,
1015 2451 1059 2485 et
1088 2439 1278 2495 luxuria,
1310 2455 1353 2487 et
1381 2441 1457 2487 de«

241 2514 290 2560 L,
310 2517 435 2561 Ana.
462 2499 631 2565 seam.
648 2519 757 2583 Vol.
778 2519 863 2563 W.
1178 2523 1207 2565 F
