1730 2870
304 125 404 173 „340
548 112 600 158 L.
648 109 944 156 ANNAE1
996 110 1348 159 SENECAE

379 242 498 286 Haec
527 242 645 298 loca,
665 241 708 286 νὶ
722 241 932 300 quondam
951 236 994 284 ὃ*
1015 240 1129 303 vasta
1152 241 1345 300 convulsla
1367 241 1492 288 ruina
1508 249 1527 300 ‚'

381 315 597 375 (Tamum
617 314 707 359 aevi
723 312 956 374 longinqua
975 315 1083 357 valet
1104 329 1261 358 mutare
1283 314 1482 379 vetustas)
1521 357 1523 360 .

378 383 609 450 Diffiluiffi
623 385 795 444 fhrunt,
821 402 912 429 cum
933 386 1134 444 protinus
1159 402 1326 446 utraque
1352 391 1471 434 tellus

377 462 482 505 Una
497 459 608 518 foret
622 490 636 514 ,
662 459 772 504 venit
789 457 923 502 medio
942 459 984 502 vi
997 472 1153 517 pontus
1167 491 1181 514 ‚
1212 455 1254 503 δ’
1275 461 1403 506 undis

378 532 618 593 Hesperium
640 531 782 576 Siculo
802 533 914 575 latus
932 529 1131 589 abscidit,
1152 548 1330 591 arvaque
1347 530 1390 578 ὃ·
1411 534 1525 578 urbes

380 607 508 652 Litore
529 605 719 651 diduc‘las
735 638 748 659 ,
766 603 937 669 angusto
956 604 1141 650 interluit
1158 604 1277 670 aestu.

315 729 454 777 Vides
471 740 588 775 totas
618 726 822 790 regiones
844 741 869 772 a
894 724 978 773 suis
999 724 1173 773 sedibus
1205 725 1388 783 revelli,
1416 740 1460 774 et
1486 738 1601 776 trans

315 817 435 848 mare
464 800 633 855 iacere,
664 798 789 861 quod
819 797 863 843 in
885 790 1083 844 confinio
1104 796 1279 844 fuerat:
1315 796 1439 846 vides
1462 812 1505 845 et
1524 817 1601 846 ur-

314 874 440 922 bium
461 871 556 918 fieri
582 870 871 934 gentiumque
900 868 1153 925 discidium,
1186 885 1287 917 cum
1310 885 1410 932 pars
1428 883 1602 918 naturae

314 945 537 994 concitata
554 942 614 989 est
634 941 689 988 de
712 941 783 999 se,
812 940 886 988 vel
904 940 1083 1005 aliquod
1109 958 1228 988 mare
1247 941 1398 1005 ingens
1428 941 1601 1005 spiritus

313 1018 519 1082 impegit,
542 1031 736 1080 quorum
761 1013 871 1060 mira
888 1049 903 1073 ‚
933 1029 982 1062 ut
999 1031 1054 1062 ex
1072 1029 1171 1062 toto
1186 1049 1200 1071 ,
1228 1014 1296 1063 vis
1323 1013 1399 1062 est.
1425 1017 1601 1076 Quam-

314 1092 384 1141 vis
407 1090 525 1139 enim
549 1099 673 1152 parte
703 1086 885 1145 saeviat,
912 1085 1065 1132 mundi
1094 1097 1239 1132 tamen
1268 1084 1439 1133 viribus
1457 1085 1602 1134 saevit..

313 1164 384 1211 sic
408 1175 452 1211 et
485 1160 713 1225 Hispanias
746 1177 771 1207 a
802 1170 1012 1208 contextu
1047 1157 1249 1216 Africae,
1284 1174 1405 1205 mare
1433 1158 1602 1220 eripuit.

309 1237 382 1283 Sic
409 1236 491 1281 hac
517 1232 831 1290 inundatione,
855 1248 989 1295 quam
1019 1230 1252 1293 poetarum
1282 1230 1460 1278 maximi
1487 1232 1603 1280 cele·-

312 1310 467 1363 brant,
500 1306 554 1353 ab
575 1305 695 1352 Italia
723 1304 868 1352 Sicilia
896 1303 1056 1350 resechi
1082 1303 1156 1349 est.
1176 1302 1431 1366 Aliquando
1457 1317 1603 1351 autem

311 1382 410 1448 plus
429 1382 618 1443 impetus
633 1379 819 1436 habent,
838 1394 951 1441 quae
971 1394 1028 1424 ex
1046 1375 1204 1423 infimo
1224 1376 1422 1424 veniunt.
1442 1379 1602 1424 Acrio—

307 1473 358 1504 ra
380 1455 499 1503 enim
518 1452 642 1507 sunt,
672 1451 717 1497 in
737 1451 894 1515 quibus
919 1450 1032 1497 nisus
1053 1449 1114 1495 est
1136 1466 1214 1512 pet·
1231 1448 1420 1512 angusta.
1444 1452 1602 1510 Quan-

313 1543 376 1577 tas
399 1544 467 1575 res
491 1526 524 1573 ii
553 1539 767 1572 terrarum
794 1534 1027 1579 tremores,
1052 1538 1274 1586 quamque
1305 1522 1417 1569 mira
1436 1522 1604 1586 specta-

315 1601 411 1650 cula
436 1597 655 1647 ediderint
670 1631 685 1655 ‚
713 1595 812 1644 satis
827 1595 988 1645 difimm
1008 1594 1083 1642 est.

377 1674 537 1722 XXX.
565 1672 659 1719 Cur
676 1687 784 1735 ergo
815 1669 969 1734 aliquis
998 1669 1051 1716 ad
1073 1670 1160 1718 hoc
1190 1668 1361 1732 stupet,
1387 1670 1509 1734 quod
1534 1686 1605 1718 aes

310 1748 438 1796 unius
456 1747 620 1794 statuae
634 1780 648 1803 ,
672 1759 726 1790 ne
743 1742 929 1789 solidum
954 1742 1133 1804 quidem
1155 1778 1170 1802 ,
1189 1741 1260 1790 sed
1280 1759 1531 1790 concavum
1551 1760 1602 1790 ac

313 1832 444 1867 tenue
458 1855 472 1878 ‚
490 1818 716 1880 diruptum
735 1814 820 1872 est;
839 1832 940 1862 cum
960 1813 1139 1861 fortaffe
1158 1814 1204 1861 in
1224 1813 1331 1861 illud
1346 1815 1387 1861 se
1407 1814 1603 1877 spiritus,

308 1911 521 1960 quaerens
549 1893 725 1957 fugam,
755 1891 1009 1941 incluserit?
1032 1891 1143 1939 Illud
1172 1906 1285 1940 vero
1311 1891 1407 1955 quis
1435 1891 1601 1938 nescit?

308 1968 513 2017 Diduciis
529 1967 728 2015 aedificia
745 1967 912 2030 angulis
929 1966 1124 2014 vidimus
1141 1964 1336 2023 moveri,
1352 1965 1604 2028 iterumque

309 2040 541 2103 componi.
568 2040 797 2104 Quaedam
828 2055 940 2088 vero
972 2055 1125 2101 parum
1153 2050 1296 2101 aptata
1327 2038 1470 2101 positu
1488 2038 1566 2084 suo
1586 2075 1602 2096 ,

307 2132 353 2164 et
379 2134 402 2162 a
427 2115 561 2162 fabris
592 2114 877 2178 negligentius
906 2112 1174 2177 solutiusque
1208 2113 1479 2175 composita,
1511 2126 1599 2161 ter-

308 2201 532 2236 raemotus
554 2186 718 2249 saepius
739 2186 895 2250 agitata
913 2187 1152 2248 compegit.
1170 2185 1308 2245 Quod
1326 2185 1356 2231 fi
1375 2199 1496 2233 totos
1517 2202 1598 2248 pa-

309 2262 437 2309 rietes
454 2274 497 2308 et
512 2272 625 2307 totas
644 2259 771 2306 findit
798 2261 984 2317 domos,
1019 2270 1061 2305 et
1079 2260 1210 2306 latera
1232 2251 1487 2322 magnarum
1505 2272 1595 2305 tur-

309 2337 423 2381 rium
443 2371 457 2392 ‚
486 2352 596 2398 quae
631 2334 765 2381 solida
799 2334 921 2391 sunt,
951 2331 1135 2391 scindit,
1171 2346 1216 2380 et
1250 2334 1370 2395 pilas„
1387 2334 1595 2394 operibus

308 2406 500 2456 subditas
519 2406 710 2471 diiiipat3
740 2406 851 2471 quid
871 2405 932 2455 est
949 2441 964 2466 ,
985 2422 1120 2470 quare
1143 2405 1382 2471 quisquam,
1409 2405 1593 2468 dignum
