1730 2870
295 128 584 175 NATUR.
631 127 960 188 QUAEST.
1010 130 1134 176 LIB.
1168 131 1233 177 11.
1316 148 1403 195 223

139 230 353 289 vertitur,
387 248 467 279 nec
505 232 654 287 vires,
687 232 845 296 quibus
875 233 1050 297 longius
1087 233 1310 295 prosiliat,
1344 235 1412 282 in-

138 304 272 349 venit.
307 306 412 350 Non
440 304 635 363 miraris,
666 320 805 367 puta,
830 305 858 350 fi
879 307 976 351 ae'ra
1003 319 1077 352 aut
1112 319 1256 353 motus
1286 321 1410 354 exte-

138 391 271 431 nuat,
298 392 370 424 aut
401 379 648 427 extenuatio
681 380 888 426 incendit.
923 379 991 425 Sic
1021 379 1215 443 liquescit
1241 381 1414 428 excussa

139 449 258 510 glans
286 450 448 507 funda,
479 462 521 497 et
548 452 694 498 attritu
721 453 831 498 aeris
852 453 968 499 velut
993 452 1093 515 igne
1111 453 1290 500 distillat.
1309 455 1415 499 Ideo

139 518 292 565 aestate
327 521 509 581 plurima
537 522 645 569 fiunt
664 521 845 568 fulmina
861 557 873 581 ,
898 524 998 586 quia
1025 525 1261 585 plurimum
1286 526 1414 572 calidi

140 593 212 638 est.
245 596 425 642 Facilius
457 611 598 642 autem
633 597 781 643 attritu
819 598 1059 643 calidorum
1096 598 1208 661 ignis
1244 600 1414 648 exsistit.

138 667 309 713 Eodem
332 670 470 714 modo
490 668 539 714 fit
560 668 709 732 fulgor
726 668 801 731 qui
829 683 995 715 tantum
1020 670 1212 732 splendet
1230 708 1241 725 .,
1268 685 1309 717 et
1328 671 1415 719 ful-

139 754 241 784 men
276 741 402 800 quod
441 740 638 786 mittitur.
684 742 766 787 Sed
805 740 861 786 illi
898 740 1041 786 levior
1077 741 1171 803 viss,
1204 743 1418 790 alimenti-

139 828 226 872 que
251 812 311 858 est
341 814 493 859 minus.
526 816 608 868 Et,
639 826 686 859 ut
711 814 906 860 breviter
935 812 1073 859 dicam
1101 815 1223 876 quod
1254 815 1417 863 sentio:

140 884 318 929 Fulmen
347 885 407 930 est
437 884 582 948 fulgur
614 885 844 931 intentum.
880 888 998 949 Ergo
1019 886 1093 932 ubi
1126 886 1252 933 calidi
1283 888 1417 935 fumi-

142 956 275 1019 dique
309 972 490 1014 natura,
525 958 672 1004 emiffa
712 957 867 1014 terris,
907 959 953 1004 in
985 959 1121 1005 nubes
1158 960 1341 1020 incidit,
1376 975 1420 1009 et

140 1028 214 1072 diu
254 1029 297 1073 in
337 1030 499 1074 illarum
536 1030 626 1075 sinu
661 1030 853 1076 volutata
882 1029 943 1076 est
964 1065 977 1087 ,
1014 1032 1245 1079 noviffime
1272 1050 1420 1080 erum-

141 1103 218 1161 pit.
251 1104 301 1145 Et
327 1102 427 1163 quia
460 1102 575 1147 vires
607 1118 696 1147 non
723 1102 884 1160 habet,
915 1102 1117 1165 splendor
1149 1103 1221 1149 est.
1257 1110 1313 1151 At
1345 1105 1418 1151 ubi

141 1170 311 1235 fulgura
336 1174 430 1233 plus
458 1174 644 1219 habuere
669 1175 901 1231 materiae,
920 1188 963 1221 et
982 1175 1148 1221 maiore
1167 1175 1332 1239 impetu
1353 1193 1421 1223 ar-

140 1244 315 1301 serunt,
340 1263 428 1291 non
446 1259 655 1308 apparent
685 1258 877 1312 tantum,
906 1245 976 1292 sed
1004 1247 1225 1295 decidunt.

211 1319 359 1363 LVIll.
386 1318 576 1376 Quidam
610 1317 762 1379 utique
793 1317 1037 1364 existimant
1067 1317 1235 1364 fulmen
1268 1335 1421 1367 rever-

140 1390 203 1436 ti:
243 1392 422 1452 quidam
458 1389 706 1444 subsidere,
748 1390 821 1435 ubi
861 1390 1060 1436 alimenta
1103 1408 1421 1454 praegravave-

141 1477 265 1515 runt‚
287 1476 330 1509 et
353 1462 515 1508 fulmen
539 1463 624 1509 ictu
645 1463 915 1526 languidiore
934 1464 1122 1510 delatum
1143 1464 1216 1510 est.
1243 1467 1298 1510 At
1315 1482 1421 1527 qua-

143 1554 190 1582 re
221 1536 383 1582 fulmen
417 1536 602 1581 subitum
640 1549 849 1599 apparet,
889 1554 973 1584 nec
1012 1539 1295 1584 continuatur
1325 1538 1424 1584 aff·

143 1609 251 1655 dnus
280 1609 422 1671 ignis?
445 1610 561 1669 Quia
581 1609 797 1655 celerrimi
832 1622 980 1656 motus
1012 1610 1100 1657 est:
1123 1610 1246 1656 simul
1281 1625 1323 1657 et
1344 1628 1424 1657 nu-

143 1683 219 1728 bes
251 1684 417 1743 rumpit
439 1719 450 1736 ‚
478 1697 521 1729 et
557 1685 657 1730 aera
684 1683 890 1730 incendit.
924 1684 1101 1730 Deinde
1131 1683 1284 1730 definit
1303 1684 1424 1730 flam-

143 1770 215 1799 ma
240 1755 488 1815 quiescente
523 1769 663 1800 motu.
700 1755 806 1800 Non
836 1753 952 1800 enim
988 1750 1048 1800 est
1081 1755 1268 1802 assiduus
1300 1756 1424 1817 spiri-

144 1838 212 1872 tus
243 1826 416 1879 curlus,
440 1840 486 1871 ut
508 1826 618 1889 ignis
644 1826 772 1888 poffit
795 1826 999 1885 extendi,
1035 1825 1106 1874 sed
1124 1829 1297 1891 quoties
1325 1830 1421 1876 for-

144 1899 227 1944 tius
257 1898 345 1959 ipsa
380 1898 609 1944 iactatione
643 1898 686 1945 se
722 1899 952 1956 accendit,
986 1898 1179 1962 fugiendi
1208 1899 1423 1963 impetum

145 1971 274 2032 capit.
313 1970 487 2016 Deinde
511 1988 610 2017 cum
646 1970 806 2029 evasit,
830 1984 872 2017 et
903 1988 1047 2034 pugna
1078 1972 1230 2032 desiit,
1260 1991 1313 2020 ex
1351 1991 1424 2020 ea-

146 2045 246 2089 dem
272 2044 394 2089 causa
423 2044 561 2089 modo
589 2044 722 2107 usque
752 2044 805 2090 ad
831 2055 988 2090 terram
1009 2045 1229 2107 profertur
1250 2078 1263 2101 ‚
1285 2047 1426 2104 modo

148 2115 395 2162 dissolvitur
412 2151 425 2172 ,
454 2115 484 2161 fi
512 2116 685 2163 minore
719 2116 764 2163 vi
793 2118 1009 2179 depressus
1030 2117 1103 2164 est.
1130 2120 1277 2178 Quare
1308 2120 1424 2165 obli-

146 2204 231 2251 que
265 2188 438 2235 fertur?
476 2190 593 2249 Quia
620 2189 770 2252 spiritu
797 2191 975 2237 constat.
1008 2191 1190 2253 Spiritus
1219 2192 1425 2256 obliquus

147 2261 208 2308 est
226 2297 240 2320 ,
267 2261 579 2324 flexuosusque.
600 2264 654 2308 Et
680 2263 780 2325 quia
806 2278 955 2308 natura
980 2263 1122 2325 ignem
1151 2263 1316 2310 sursum
1333 2282 1423 2311 vo-

148 2350 241 2392 cat,
267 2335 420 2382 iniuria
451 2336 654 2382 deorsum
689 2335 876 2397 premit,
908 2336 1061 2397 incipit
1090 2322 1294 2400 oliliquus
1325 2338 1426 2386 effe.

149 2408 373 2457 Interdum
393 2409 496 2455 dum
520 2421 671 2456 neutra
695 2408 762 2457 vis
786 2408 910 2456 alteri
933 2409 1076 2468 cedit,
1097 2423 1141 2456 et
1165 2410 1275 2473 ignis
1298 2410 1343 2456 in
1360 2411 1427 2465 sue
