1730 2870
238 99 333 162 350
496 101 546 153 L.
587 103 884 150 ANNAEI
925 106 1270 156 SENECAE

234 214 325 251 tem
347 219 440 252 non
462 205 650 263 adiecit,
674 206 720 254 in
748 224 855 271 quas
873 208 1009 257 stellas
1027 210 1189 261 divisus
1208 211 1259 260 fit
1276 247 1290 274 ‚
1319 229 1421 263 cum
1440 214 1521 270 ati-j

234 294 320 342 qua
348 294 405 325 ex
436 278 636 343 quinque
658 279 787 329 stellis
815 281 903 329 effe
937 283 1170 332 debuerit?

298 351 447 402 XVIL
493 352 759 419 Apollonius
787 355 1003 419 Myndius
1032 357 1078 404 in
1111 359 1279 407 diversa
1307 360 1527 424 opinione-

233 421 304 469 est.
332 422 410 469 Ait
441 424 588 483 enim,
615 426 837 474 Cometen
865 445 956 475 non
988 446 1126 477 unum
1152 448 1208 478 ex
1239 435 1384 481 multis
1406 451 1522 481 erra-

232 495 328 544 ticis
352 497 495 556 effici,
525 498 598 549 sed
627 501 789 548 multos
817 502 1030 550 Cometas
1056 504 1266 552 erraticos
1283 506 1383 555 effe.
1413 509 1522 554 Non

233 569 317 627 est,
340 569 487 634 inquit
503 608 516 630 ‚
540 571 705 636 species
727 574 829 622 falsa
844 612 857 632 ,
876 593 957 624 nec
977 577 1163 624 duarum
1183 577 1395 626 stellarum
1411 597 1523 628 con-

232 640 342 690 finio
367 643 480 707 ignis
513 659 715 694 extentus
735 665 748 697 :⁷
767 648 841 696 sed
860 664 902 696 et
925 649 1157 712 proprium
1181 649 1294 698 fidus
1311 652 1524 701 Cometes

232 714 293 762 est
309 752 325 772 ,
356 716 464 767 ficut
491 718 590 766 solis
612 736 685 768 aut
702 721 842 770 lunae.
867 722 990 770 Talis
1007 722 1155 769 forma
1173 723 1261 780 est,
1279 741 1369 771 non
1387 725 1432 772 in
1446 742 1526 773 romv

234 789 418 837 tundum
444 791 665 850 restricta,
699 793 773 842 sed
799 794 1031 858 procerior
1047 831 1062 854 ‚
1089 809 1132 844 et
1150 795 1196 843 in
1215 798 1395 861 longum
1416 815 1527 861 pro-a

231 861 372 911 ducta.
407 864 619 912 Ceterum
652 883 743 915 non
777 868 838 917 est
873 869 934 919 illi
973 869 1121 933 palam.
1156 870 1338 919 cursus:
1366 871 1525 918 altiora

231 936 389 982 mundi
409 935 519 985 secat
546 956 557 985 z
579 951 622 986 et
640 951 747 987 tunc
777 941 954 988 demum
977 956 1180 1005 apparet,
1201 959 1300 989 cum
1321 942 1366 988 in
1385 942 1525 988 imum

232 1010 379 1057 cursus
406 1009 465 1056 sui
485 1010 617 1059 venit.
641 1013 741 1059 Nec
761 1013 822 1060 est
845 1015 966 1077 quod
991 1029 1222 1077 putemus,
1245 1016 1432 1062 eundern
1451 1016 1526 1062 vi-

233 1082 328 1129 sum
353 1083 440 1131 effe
463 1083 541 1132 sub
566 1085 758 1132 Claudio
774 1121 787 1144 ‚
811 1104 946 1150 quem>
975 1087 1053 1134 sub
1078 1087 1274 1151 Augusto
1295 1087 1490 1136 vidimus
1510 1104 1528 1139 ξ

234 1172 316 1205 nec
348 1156 465 1205 hunc
495 1158 572 1221 qui
591 1158 667 1205 sub
690 1160 871 1206 Nerone
902 1159 1086 1207 Caesare
1115 1160 1342 1222 apparuit,
1365 1174 1408 1207 et
1428 1161 1526 1206 Co-

235 1230 363 1278 metis
382 1232 569 1279 detraxit
591 1232 814 1280 infamiam
833 1267 847 1288 ‚
870 1233 931 1279 illi
957 1233 1138 1280 fimilem
1159 1232 1303 1291 fuisse,
1333 1233 1409 1295 qui
1426 1232 1527 1296 post

236 1319 388 1350 necem
417 1305 511 1352 divi
535 1305 653 1363 Iulii,
687 1307 799 1355 ludis
820 1307 1005 1355 Veneris
1028 1306 1278 1370 genitricis,
1308 1308 1422 1355 circa
1441 1323 1525 1353 un·-

235 1374 457 1424 decimam
488 1377 646 1425 horam
680 1379 767 1429 diei
795 1380 980 1427 emersit.
1011 1379 1142 1426 Multi
1175 1379 1372 1443 variique
1401 1379 1530 1437 sunt,

236 1448 426 1512 dispares
458 1451 782 1514 magnitudine,
812 1453 1033 1500 diffimiles
1056 1454 1228 1501 colore.
1269 1453 1361 1500 aliis
1391 1452 1531 1498 rubor·

237 1522 300 1570 est
329 1523 416 1570 fine
445 1523 535 1570 ulla
557 1525 653 1571 luce
673 1542 683 1571 ε
707 1524 801 1572 aliis
818 1527 1008 1583 candor»,
1041 1540 1084 1574 et
1108 1543 1267 1588 purum
1285 1526 1524 1590 liquidum-²

236 1612 323 1659 que
350 1597 501 1643 lumen
522 1615 532 1643 t
563 1597 656 1644 aliis
683 1597 862 1644 flamma
878 1634 892 1654 ‚
923 1611 967 1646 et
989 1599 1094 1646 haec
1123 1616 1213 1645 non
1232 1598 1391 1646 fincera
1407 1635 1422 1655 ,
1445 1615 1529 1649 nec

235 1669 399 1725 tenuis,
422 1670 493 1717 sed
518 1671 707 1718 multum
732 1671 847 1718 circa
869 1671 911 1719 se
940 1672 1130 1720 volvens
1157 1671 1316 1718 fumidi
1345 1672 1530 1719 ardori&

238 1743 426 1791 Cruenti
448 1745 636 1807 quidam
652 1781 665 1803 ,
692 1744 904 1802 minaces,
931 1746 1008 1809 qui
1031 1762 1166 1793 omen
1197 1745 1295 1809 post
1319 1746 1360 1793 se
1392 1745 1526 1792 futuri

237 1816 457 1881 sanguinis
480 1816 642 1865 ferunt.
667 1817 712 1864 hi
731 1818 934 1865 minuunt
953 1830 1198 1882 augentque
1217 1819 1362 1865 lumen
1383 1819 1529 1871 simma

237 1890 619 1952 quemadmodum
645 1892 726 1938 alia
753 1891 920 1938 fidera:
949 1909 1059 1955 quae
1086 1892 1296 1950 clariora,
1325 1909 1424 1939 cum
1446 1894 1523 1940 den

239 1963 470 2022 scendere,
481 1964 593 2024 sunt,
612 1965 868 2028 maioraque
882 1981 933 2011 ex
951 1966 1057 2011 loco
1070 1964 1284 2028 propiore
1297 1966 1519 2021 visuntur;

240 2037 439 2092 minora,
459 2054 564 2085 cum
582 2039 795 2095 redeunt,
816 2050 859 2085 et
883 2038 1167 2100 obscuriora,
1181 2039 1284 2107 quia
1301 2039 1524 2086 abducunt

240 2110 284 2158 se
312 2110 504 2174 longius.

304 2185 471 2231 XVIII.
499 2187 718 2235 Adversus
746 2186 834 2234 hoc
853 2186 1057 2252 protinus
1084 2186 1402 2250 respondetur,
1431 2202 1526 2233 non

238 2254 358 2304 idem
387 2256 586 2307 accidere
610 2260 656 2306 in
676 2259 881 2306 Cometis
898 2292 912 2315 ‚
942 2260 1067 2324 quod
1082 2260 1128 2306 in
1157 2259 1326 2307 ceteris.
1353 2260 1523 2305 Come-

238 2337 307 2375 tae
327 2329 446 2376 enim
461 2347 554 2393 quo
577 2331 769 2395 primum
795 2330 866 2377 die
891 2332 1195 2394 apparuerint,
1217 2329 1398 2376 maximi
1414 2329 1523 2375 sunt„

242 2401 381 2467 Atqui
420 2403 630 2455 deberent
662 2403 883 2464 crescere,
918 2419 1010 2470 quo
1044 2402 1228 2469 propius
1256 2400 1527 2452 accederent.

1076 2577 1130 2592 LA-
