1730 2870
438 106 524 154 DE
562 107 781 153 MORTE
809 106 900 154 CL.
934 107 1225 154 CAESARIS.
1380 111 1465 172 381

197 215 310 262 inter
328 213 527 261 homines
546 215 690 261 audita
702 214 788 270 est,
808 231 907 261 cum
928 215 1143 261 maiorem
1161 214 1346 262 sonitum
1366 220 1475 264 emi-

198 288 307 334 fiffet
343 287 410 333 illa
444 301 594 348 parte,
624 304 708 349 qua
741 287 908 334 facilius
939 287 1232 350 loquebatur:
1260 293 1357 335 Vae
1377 307 1479 350 me,

197 372 336 422 puto,
363 359 601 406 concacavi
639 375 720 405 me.
755 359 879 419 Quid
912 371 1054 405 autem
1090 358 1266 417 fecerit,
1302 361 1479 408 nescio:

199 432 350 478 omnia
380 446 497 479 certe
532 434 803 480 concacavit.
841 436 970 494 Quae
998 433 1043 478 in
1072 433 1199 480 terris
1221 434 1368 496 postea
1401 435 1481 483 fint

200 505 292 550 acta
310 540 324 560 ,
351 503 666 566 supervacuum
696 505 756 552 est
783 505 957 552 referre.
987 505 1111 551 Scitis
1137 506 1253 551 enim
1274 508 1442 568 optime
1464 526 1476 553 :

199 593 281 622 nec
298 576 540 637 periculum
559 576 644 629 est,
663 593 716 622 ne
739 577 954 631 excidant,
973 593 1084 638 quae
1100 578 1338 625 memoriae
1359 580 1477 641 pub-

202 650 334 696 licum
367 650 572 713 gaudium
609 650 923 712 impresserunt.
970 652 1120 698 Nemo
1149 651 1361 700 felicitatis
1387 653 1483 700 suae

199 721 489 769 obliviscitur.
528 725 574 767 In
606 723 734 769 coelo
757 740 867 786 quae
894 724 984 769 acta
1013 723 1119 781 sint,
1149 724 1294 770 audite
1326 742 1336 770 :
1375 725 1484 771 fides

204 811 336 856 penes
355 795 575 841 auclorem
605 794 698 841 erit.
741 795 976 841 Nuntiatur
1006 794 1104 841 Iovi
1119 830 1135 851 ,
1165 796 1329 843 veniffe
1346 814 1483 860 quen-

203 866 303 911 dam
325 867 466 912 bonae
487 867 670 913 staturae
687 903 700 925 ,
729 869 839 915 bene
860 882 1017 914 canum
1034 903 1048 925 ,
1069 867 1217 914 nescio
1237 869 1343 931 quid
1361 870 1482 916 illum

203 937 360 984 minari
378 957 387 985 :
407 938 566 986 affidue
587 940 705 986 enirn
727 952 855 1001 caput
874 956 1084 996 movere,
1103 941 1259 1001 pedem
1279 943 1482 988 dextrum

203 1010 387 1056 trahere.
407 1009 610 1073 quaefiffe
632 1012 672 1057 se
692 1011 814 1057 cuius
837 1010 1024 1058 nationis
1048 1011 1174 1058 effet?
1196 1012 1482 1074 respondisse,

204 1084 350 1130 nescio
380 1084 484 1147 quid
511 1086 767 1147 perturbato
797 1086 929 1144 sono,
959 1097 1002 1131 et
1024 1102 1140 1132 voce
1167 1086 1369 1143 confusa,
1393 1104 1486 1134 non

205 1156 445 1218 intelligere
471 1156 513 1202 se
538 1157 725 1220 linguam
754 1156 845 1204 eius
870 1175 881 1202 τ
921 1174 999 1203 nec
1022 1159 1240 1203 Graecum
1269 1157 1376 1215 effe,
1404 1176 1485 1205 nec

206 1229 456 1274 Romanum
478 1263 491 1284 ,
529 1244 612 1275 nec
653 1229 780 1275 ullius
818 1228 956 1291 gentis
988 1241 1128 1274 notae.
1165 1231 1283 1275 Tum
1320 1230 1484 1293 Iupiter

207 1299 442 1346 Herculem
460 1334 475 1355 ,
503 1301 606 1362 quia
636 1312 778 1346 totum
808 1301 961 1346 orbem
988 1312 1198 1346 terrarum
1229 1318 1487 1363 pererrave-

206 1385 296 1430 rat,
336 1388 379 1419 et
409 1373 531 1419 noffe
564 1373 796 1420 videbatur
822 1390 976 1420 omnes
1009 1373 1236 1429 nationes,
1273 1374 1391 1421 iubet
1424 1376 1488 1422 ire

206 1461 251 1491 et
277 1444 504 1506 explorare
519 1482 531 1502 ,
548 1462 748 1507 ,quorum
770 1446 1000 1492 hominum
1024 1445 1141 1492 effet.
1174 1447 1292 1492 Tum
1315 1450 1485 1494 Hercu-

207 1518 268 1564 les
287 1518 433 1580 primo
453 1517 650 1580 adspectu
669 1518 765 1564 sane
780 1520 1052 1581 perturbatus
1079 1518 1139 1564 est
1152 1553 1165 1574 ,
1195 1531 1242 1565 ut
1259 1520 1334 1582 qui
1357 1520 1486 1567 etiam

210 1609 302 1638 non
330 1591 481 1637 omnia
507 1592 698 1638 monstra
723 1591 943 1638 timuerit:
975 1602 1021 1636 ut
1050 1589 1163 1638 vidit
1187 1593 1292 1639 novi
1323 1593 1491 1656 generis

209 1663 364 1710 faciem
387 1696 401 1718 ‚
422 1663 646 1710 insolitum
666 1663 874 1717 incestum
891 1699 904 1721 ‚
922 1679 1082 1711 vocem
1104 1664 1257 1711 nullius
1280 1664 1490 1712 terrestris

209 1738 426 1793 animalis,
453 1737 525 1784 sed
552 1737 711 1801 (qualis
745 1737 830 1784 effe
851 1737 1028 1784 marinis
1055 1737 1206 1797 belluis
1237 1737 1369 1802 solet)
1391 1756 1489 1785 rau-

211 1827 306 1857 cam
323 1826 365 1857 et
385 1811 649 1872 implicatam
664 1846 676 1866 ,
694 1809 863 1873 putavit
894 1808 970 1856 fibi
988 1809 1163 1856 tertium
1190 1811 1409 1858 decimum
1430 1812 1490 1857 la-

211 1883 367 1930 borem
402 1882 580 1929 venisse.
615 1882 880 1946 Diligentius
908 1881 1126 1938 intuenti,
1158 1882 1272 1930 visus
1294 1882 1354 1929 est
1373 1883 1488 1946 quasi

211 1956 365 2002 homo.
386 1955 574 2001 Accessit
592 1955 737 2018 itaque
752 1991 765 2012 ‚
784 1970 825 2004 et
844 1955 965 2017 quod
983 1953 1237 2000 facillimum
1259 1954 1338 2001 suit
1351 1957 1491 2001 Grae-

212 2027 315 2073 culo
336 2062 351 2084 ‚
385 2026 442 2073 ait
468 2043 478 2072 :
507 2035 571 2075 Τίς
595 2034 703 2075 πόθεν
729 2031 781 2075 εἷς
815 2034 983 2088 ἀνὲρᾶν,
1012 2033 1097 2074 πόθι
1130 2034 1188 2073 τοὶ
1217 2034 1383 2084 πτόλις
1403 2028 1491 2073 Ubi

213 2099 321 2145 haec
349 2098 582 2156 Claudius,
605 2098 761 2160 gaudet
781 2097 865 2144 effe
886 2097 971 2144 illic
987 2098 1241 2160 philologos
1261 2099 1460 2146 homines
1469 2106 1489 2158 '‚

213 2174 352 2235 sperat
376 2171 570 2218 futurum
605 2171 794 2234 aliquem
829 2170 1018 2216 historiis
1044 2170 1126 2217 suis
1146 2171 1307 2217 locum.
1338 2177 1488 2236 ltaque

214 2257 256 2292 et
275 2245 363 2307 ipse
384 2244 627 2291 Homerico
647 2243 772 2290 versu
792 2242 1019 2291 Caesarem
1044 2243 1086 2290 se
1114 2243 1200 2291 effe
1218 2244 1460 2308 significans
1472 2281 1489 2306 ‚

214 2333 272 2365 ait
295 2335 306 2365 :

272 2397 412 2439 Ἰλιόθεν
432 2412 483 2450 με
512 2397 620 2451 φέρων
646 2396 779 2448 ἄνεμος
804 2394 1002 2436 Κικόνεσσι
1029 2395 1242 2437 πέλασσεν.
