<?xml version="1.0" encoding="UTF-8"?>
<!DOCTYPE html PUBLIC "-//W3C//DTD XHTML 1.0 Transitional//EN"
    "http://www.w3.org/TR/xhtml1/DTD/xhtml1-transitional.dtd">
<html xmlns="http://www.w3.org/1999/xhtml" xml:lang="en" lang="en">
 <head>
  <title>
</title>
<meta http-equiv="Content-Type" content="text/html;charset=utf-8" />
  <meta name='ocr-system' content='tesseract 3.04.00' />
  <meta name='ocr-capabilities' content='ocr_page ocr_carea ocr_par ocr_line ocrx_word'/>
</head>
<body>
  <div class='ocr_page' id='page_1' title='image "./lannaeisenecaeph04seneuoft_0403.png"; bbox 0 0 1730 2870; ppageno 0'>
   <div class='ocr_carea' id='block_1_1' title="bbox 487 83 1480 154">
    <p class='ocr_par' dir='ltr' id='par_1_1' title="bbox 487 83 1480 154">
     <span class='ocr_line' id='line_1_1' title="bbox 487 83 1480 154; baseline 0.001 -22"><span class='ocrx_word' id='word_1_1' title='bbox 487 87 522 131; x_wconf 85' lang='lat' dir='ltr'><strong>E</strong></span> <span class='ocrx_word' id='word_1_2' title='bbox 572 85 821 144; x_wconf 67' lang='lat' dir='ltr'>LIBRIS</span> <span class='ocrx_word' id='word_1_3' title='bbox 870 83 1232 133; x_wconf 73' lang='lat' dir='ltr'><strong>SENECAE.</strong></span> <span class='ocrx_word' id='word_1_4' title='bbox 1388 105 1480 154; x_wconf 79' lang='lat'><em>397</em></span> 
     </span>
    </p>
   </div>
   <div class='ocr_carea' id='block_1_2' title="bbox 206 194 1500 1859">
    <p class='ocr_par' dir='ltr' id='par_1_2' title="bbox 206 194 1500 1859">
     <span class='ocr_line' id='line_1_2' title="bbox 215 194 1488 260; baseline 0.002 -20"><span class='ocrx_word' id='word_1_5' title='bbox 215 197 357 241; x_wconf 76' lang='lat' dir='ltr'><em>Sanus</em></span> <span class='ocrx_word' id='word_1_6' title='bbox 372 194 485 241; x_wconf 81' lang='lat' dir='ltr'><em>dives</em></span> <span class='ocrx_word' id='word_1_7' title='bbox 512 195 564 260; x_wconf 89' lang='lat' dir='ltr'><em>est</em></span> <span class='ocrx_word' id='word_1_8' title='bbox 576 229 589 252; x_wconf 93' lang='lat'><strong>,</strong></span> <span class='ocrx_word' id='word_1_9' title='bbox 608 197 679 254; x_wconf 89' lang='lat' dir='ltr'><em>qui</em></span> <span class='ocrx_word' id='word_1_10' title='bbox 705 197 797 240; x_wconf 85' lang='lat' dir='ltr'><em>licet</em></span> <span class='ocrx_word' id='word_1_11' title='bbox 818 196 962 240; x_wconf 77' lang='lat' dir='ltr'><em>habeat</em></span> <span class='ocrx_word' id='word_1_12' title='bbox 981 196 1175 250; x_wconf 75' lang='lat' dir='ltr'><em>divicias,</em></span> <span class='ocrx_word' id='word_1_13' title='bbox 1192 213 1261 240; x_wconf 85' lang='lat' dir='ltr'><em>eas</em></span> <span class='ocrx_word' id='word_1_14' title='bbox 1280 209 1416 241; x_wconf 85' lang='lat' dir='ltr'><em>tamen</em></span> <span class='ocrx_word' id='word_1_15' title='bbox 1438 213 1488 243; x_wconf 82' lang='lat' dir='ltr'><em>uc</em></span> 
     </span>
     <span class='ocr_line' id='line_1_3' title="bbox 206 268 1486 334; baseline 0.001 -20"><span class='ocrx_word' id='word_1_16' title='bbox 206 269 418 330; x_wconf 82' lang='lat' dir='ltr'><em>fugientes</em></span> <span class='ocrx_word' id='word_1_17' title='bbox 438 270 565 313; x_wconf 78' lang='lat' dir='ltr'><em>hahet.</em></span> <span class='ocrx_word' id='word_1_18' title='bbox 587 268 708 328; x_wconf 78' lang='lat' dir='ltr'><em>Quid</em></span> <span class='ocrx_word' id='word_1_19' title='bbox 721 286 810 330; x_wconf 83' lang='lat' dir='ltr'><em>ergo</em></span> <span class='ocrx_word' id='word_1_20' title='bbox 829 269 903 334; x_wconf 75' lang='lat' dir='ltr'><em>est,</em></span> <span class='ocrx_word' id='word_1_21' title='bbox 929 285 1048 328; x_wconf 85' lang='lat' dir='ltr'><em>quare</em></span> <span class='ocrx_word' id='word_1_22' title='bbox 1067 268 1211 326; x_wconf 75' lang='lat' dir='ltr'><em>recuses</em></span> <span class='ocrx_word' id='word_1_23' title='bbox 1231 287 1319 312; x_wconf 85' lang='lat' dir='ltr'><em>eam</em></span> <span class='ocrx_word' id='word_1_24' title='bbox 1337 286 1486 315; x_wconf 81' lang='lat' dir='ltr'><em>contu-</em></span> 
     </span>
     <span class='ocr_line' id='line_1_4' title="bbox 214 343 1488 400; baseline 0.001 -14"><span class='ocrx_word' id='word_1_25' title='bbox 214 344 412 387; x_wconf 80' lang='lat' dir='ltr'><em>bernalem</em></span> <span class='ocrx_word' id='word_1_26' title='bbox 429 375 443 397; x_wconf 90' lang='lat'>‚</span> <span class='ocrx_word' id='word_1_27' title='bbox 458 344 574 386; x_wconf 83' lang='lat' dir='ltr'><em>cuius</em></span> <span class='ocrx_word' id='word_1_28' title='bbox 594 359 720 385; x_wconf 83' lang='lat' dir='ltr'><em>mores</em></span> <span class='ocrx_word' id='word_1_29' title='bbox 727 343 867 400; x_wconf 82' lang='lat' dir='ltr'><em>sanus</em></span> <span class='ocrx_word' id='word_1_30' title='bbox 886 343 999 386; x_wconf 75' lang='lat' dir='ltr'><em>dives</em></span> <span class='ocrx_word' id='word_1_31' title='bbox 1019 343 1239 385; x_wconf 75' lang='lat' dir='ltr'><em>imitatur?</em></span> <span class='ocrx_word' id='word_1_32' title='bbox 1254 344 1304 386; x_wconf 83' lang='lat' dir='ltr'><em>Si</em></span> <span class='ocrx_word' id='word_1_33' title='bbox 1324 344 1389 387; x_wconf 82' lang='lat' dir='ltr'><em>vis</em></span> <span class='ocrx_word' id='word_1_34' title='bbox 1408 362 1488 388; x_wconf 82' lang='lat' dir='ltr'><em>va·</em></span> 
     </span>
     <span class='ocr_line' id='line_1_5' title="bbox 215 413 1491 477; baseline 0.001 -18"><span class='ocrx_word' id='word_1_35' title='bbox 215 432 302 459; x_wconf 87' lang='lat' dir='ltr'><em>care</em></span> <span class='ocrx_word' id='word_1_36' title='bbox 321 414 466 458; x_wconf 79' lang='lat' dir='ltr'><em>animo</em></span> <span class='ocrx_word' id='word_1_37' title='bbox 482 448 494 468; x_wconf 91' lang='lat'><em>.,</em></span> <span class='ocrx_word' id='word_1_38' title='bbox 514 429 588 458; x_wconf 87' lang='lat' dir='ltr'><em>aut</em></span> <span class='ocrx_word' id='word_1_39' title='bbox 609 432 768 473; x_wconf 84' lang='lat' dir='ltr'><em>pauper</em></span> <span class='ocrx_word' id='word_1_40' title='bbox 769 413 836 477; x_wconf 82' lang='lat' dir='ltr'><em>sis</em></span> <span class='ocrx_word' id='word_1_41' title='bbox 859 428 1036 474; x_wconf 78' lang='lat' dir='ltr'><em>oportet,</em></span> <span class='ocrx_word' id='word_1_42' title='bbox 1057 428 1133 457; x_wconf 88' lang='lat' dir='ltr'><em>aut</em></span> <span class='ocrx_word' id='word_1_43' title='bbox 1145 417 1316 472; x_wconf 81' lang='lat' dir='ltr'><em>pauperi</em></span> <span class='ocrx_word' id='word_1_44' title='bbox 1320 414 1491 474; x_wconf 85' lang='lat' dir='ltr'><em>fimilis.</em></span> 
     </span>
     <span class='ocr_line' id='line_1_6' title="bbox 216 487 1492 552; baseline 0.001 -20"><span class='ocrx_word' id='word_1_45' title='bbox 216 490 318 532; x_wconf 85' lang='lat' dir='ltr'><em>Nort</em></span> <span class='ocrx_word' id='word_1_46' title='bbox 332 489 460 552; x_wconf 77' lang='lat' dir='ltr'><em>potest</em></span> <span class='ocrx_word' id='word_1_47' title='bbox 473 488 663 551; x_wconf 80' lang='lat' dir='ltr'><em>studium</em></span> <span class='ocrx_word' id='word_1_48' title='bbox 680 487 865 546; x_wconf 72' lang='lat' dir='ltr'><em>fhlzttare</em></span> <span class='ocrx_word' id='word_1_49' title='bbox 883 487 1082 550; x_wconf 81' lang='lat' dir='ltr'><em>fieristne</em></span> <span class='ocrx_word' id='word_1_50' title='bbox 1103 487 1360 547; x_wconf 68' lang='lat' dir='ltr'><em>fragilitatis</em></span> <span class='ocrx_word' id='word_1_51' title='bbox 1380 508 1492 534; x_wconf 75' lang='lat' dir='ltr'><em>cura.</em></span> 
     </span>
     <span class='ocr_line' id='line_1_7' title="bbox 216 559 1493 624; baseline 0.002 -21"><span class='ocrx_word' id='word_1_52' title='bbox 216 561 450 619; x_wconf 75' lang='lat' dir='ltr'><em>Frugalitas</em></span> <span class='ocrx_word' id='word_1_53' title='bbox 466 594 478 615; x_wconf 82' lang='lat'><strong>,</strong></span> <span class='ocrx_word' id='word_1_54' title='bbox 495 574 714 619; x_wconf 72' lang='lat' dir='ltr'><em>paupertas</em></span> <span class='ocrx_word' id='word_1_55' title='bbox 733 561 970 605; x_wconf 69' lang='lat' dir='ltr'><em>voluntaria</em></span> <span class='ocrx_word' id='word_1_56' title='bbox 988 560 1047 624; x_wconf 91' lang='lat' dir='ltr'><em>est.</em></span> <span class='ocrx_word' id='word_1_57' title='bbox 1080 559 1363 621; x_wconf 74' lang='lat' dir='ltr'><em>Perpeffi&#39;surzt</em></span> <span class='ocrx_word' id='word_1_58' title='bbox 1379 565 1493 605; x_wconf 86' lang='lat' dir='ltr'><em>mul-</em></span> 
     </span>
     <span class='ocr_line' id='line_1_8' title="bbox 214 634 1492 692; baseline 0.002 -16"><span class='ocrx_word' id='word_1_59' title='bbox 214 634 362 676; x_wconf 79' lang='lat' dir='ltr'><em>totiens</em></span> <span class='ocrx_word' id='word_1_60' title='bbox 379 634 576 678; x_wconf 82' lang='lat' dir='ltr'><em>exercitus</em></span> <span class='ocrx_word' id='word_1_61' title='bbox 595 634 777 692; x_wconf 82' lang='lat' dir='ltr'><em>inopiam</em></span> <span class='ocrx_word' id='word_1_62' title='bbox 799 635 986 677; x_wconf 83' lang='lat' dir='ltr'><em>omnium</em></span> <span class='ocrx_word' id='word_1_63' title='bbox 1007 650 1132 678; x_wconf 85' lang='lat' dir='ltr'><em>rerum</em></span> <span class='ocrx_word' id='word_1_64' title='bbox 1149 664 1162 686; x_wconf 94' lang='lat'>,</span> <span class='ocrx_word' id='word_1_65' title='bbox 1187 636 1384 678; x_wconf 76' lang='lat' dir='ltr'><em>vixerunt</em></span> <span class='ocrx_word' id='word_1_66' title='bbox 1403 637 1492 678; x_wconf 81' lang='lat' dir='ltr'><em>lter—</em></span> 
     </span>
     <span class='ocr_line' id='line_1_9' title="bbox 215 703 1493 764; baseline 0.002 -15"><span class='ocrx_word' id='word_1_67' title='bbox 215 707 357 750; x_wconf 85' lang='lat' dir='ltr'><em>barum</em></span> <span class='ocrx_word' id='word_1_68' title='bbox 387 707 591 750; x_wconf 81' lang='lat' dir='ltr'><em>radicibus</em></span> <span class='ocrx_word' id='word_1_69' title='bbox 605 740 617 759; x_wconf 78' lang='lat'>,</span> <span class='ocrx_word' id='word_1_70' title='bbox 645 703 686 750; x_wconf 65' lang='grc' dir='ltr'><em>ὃ*</em></span> <span class='ocrx_word' id='word_1_71' title='bbox 711 705 817 749; x_wconf 71' lang='grc' dir='ltr'><em>ἅὶἑῗιι</em></span> <span class='ocrx_word' id='word_1_72' title='bbox 838 705 1015 763; x_wconf 83' lang='lat' dir='ltr'><em>foedam</em></span> <span class='ocrx_word' id='word_1_73' title='bbox 1047 708 1225 750; x_wconf 76' lang='lat' dir='ltr'><em>tulerunt</em></span> <span class='ocrx_word' id='word_1_74' title='bbox 1244 707 1418 764; x_wconf 85' lang='lat' dir='ltr'><em>famem.</em></span> <span class='ocrx_word' id='word_1_75' title='bbox 1450 705 1493 751; x_wconf 69' lang='grc' dir='ltr'><em>ὃ·</em></span> 
     </span>
     <span class='ocr_line' id='line_1_10' title="bbox 217 777 1496 839; baseline 0.002 -18"><span class='ocrx_word' id='word_1_76' title='bbox 217 779 312 822; x_wconf 83' lang='lat' dir='ltr'><em>haec</em></span> <span class='ocrx_word' id='word_1_77' title='bbox 330 779 475 821; x_wconf 81' lang='lat' dir='ltr'><em>omnia</em></span> <span class='ocrx_word' id='word_1_78' title='bbox 485 777 761 839; x_wconf 74' lang='lat' dir='ltr'><em>perpfffitrzt</em></span> <span class='ocrx_word' id='word_1_79' title='bbox 772 795 850 837; x_wconf 87' lang='lat' dir='ltr'><em>pro</em></span> <span class='ocrx_word' id='word_1_80' title='bbox 874 795 993 838; x_wconf 73' lang='lat' dir='ltr'><em>regno</em></span> <span class='ocrx_word' id='word_1_81' title='bbox 1008 812 1020 833; x_wconf 84' lang='lat'>,</span> <span class='ocrx_word' id='word_1_82' title='bbox 1051 795 1129 837; x_wconf 84' lang='lat' dir='ltr'><em>quo</em></span> <span class='ocrx_word' id='word_1_83' title='bbox 1147 780 1284 838; x_wconf 81' lang='lat' dir='ltr'><em>magis</em></span> <span class='ocrx_word' id='word_1_84' title='bbox 1304 780 1458 824; x_wconf 75' lang='lat' dir='ltr'><em>mireris</em></span> <span class='ocrx_word' id='word_1_85' title='bbox 1478 811 1496 833; x_wconf 91' lang='lat'><strong>‚</strong></span> 
     </span>
     <span class='ocr_line' id='line_1_11' title="bbox 217 850 1494 909; baseline 0.002 -15"><span class='ocrx_word' id='word_1_86' title='bbox 217 852 363 894; x_wconf 79' lang='lat' dir='ltr'><em>alieno.</em></span> <span class='ocrx_word' id='word_1_87' title='bbox 388 851 615 893; x_wconf 75' lang='lat' dir='ltr'><em>Dubitabit</em></span> <span class='ocrx_word' id='word_1_88' title='bbox 631 850 785 909; x_wconf 80' lang='lat' dir='ltr'><em>aliquis</em></span> <span class='ocrx_word' id='word_1_89' title='bbox 793 850 900 906; x_wconf 82' lang='lat' dir='ltr'><em>ferre</em></span> <span class='ocrx_word' id='word_1_90' title='bbox 913 864 1188 908; x_wconf 81' lang='lat' dir='ltr'><em>paupertatem</em></span> <span class='ocrx_word' id='word_1_91' title='bbox 1206 886 1220 906; x_wconf 88' lang='lat'>‚</span> <span class='ocrx_word' id='word_1_92' title='bbox 1243 866 1291 894; x_wconf 91' lang='lat' dir='ltr'><em>ut</em></span> <span class='ocrx_word' id='word_1_93' title='bbox 1306 853 1494 897; x_wconf 78' lang='lat' dir='ltr'><em>animum</em></span> 
     </span>
     <span class='ocr_line' id='line_1_12' title="bbox 218 918 1496 984; baseline 0 -17"><span class='ocrx_word' id='word_1_94' title='bbox 218 941 245 967; x_wconf 90' lang='lat' dir='ltr'><em>a</em></span> <span class='ocrx_word' id='word_1_95' title='bbox 254 922 471 980; x_wconf 82' lang='lat' dir='ltr'><em>furoribus</em></span> <span class='ocrx_word' id='word_1_96' title='bbox 495 924 627 965; x_wconf 83' lang='lat' dir='ltr'><em>liberet</em></span> <span class='ocrx_word' id='word_1_97' title='bbox 639 922 664 965; x_wconf 61' lang='grc' dir='ltr'><strong><em>ἓ</em></strong></span> <span class='ocrx_word' id='word_1_98' title='bbox 694 922 870 974; x_wconf 83' lang='lat' dir='ltr'><em>Multis,</em></span> <span class='ocrx_word' id='word_1_99' title='bbox 902 921 1067 965; x_wconf 77' lang='lat' dir='ltr'><em>divitias</em></span> <span class='ocrx_word' id='word_1_100' title='bbox 1087 918 1267 984; x_wconf 78' lang='lat' dir='ltr'><em>paraffl,</em></span> <span class='ocrx_word' id='word_1_101' title='bbox 1295 923 1496 980; x_wconf 73' lang='lat' dir='ltr'><em>nortfim&#39;s</em></span> 
     </span>
     <span class='ocr_line' id='line_1_13' title="bbox 218 993 1496 1052; baseline 0.001 -14"><span class='ocrx_word' id='word_1_102' title='bbox 218 994 468 1052; x_wconf 74' lang='lat' dir='ltr'><em>miseriarum</em></span> <span class='ocrx_word' id='word_1_103' title='bbox 489 993 604 1052; x_wconf 82' lang='lat' dir='ltr'><em>fuit,</em></span> <span class='ocrx_word' id='word_1_104' title='bbox 617 993 699 1051; x_wconf 75' lang='lat' dir='ltr'><em>fid</em></span> <span class='ocrx_word' id='word_1_105' title='bbox 723 993 914 1037; x_wconf 87' lang='lat' dir='ltr'><em>mutatio.</em></span> <span class='ocrx_word' id='word_1_106' title='bbox 944 994 1033 1037; x_wconf 85' lang='lat' dir='ltr'><em>Nec</em></span> <span class='ocrx_word' id='word_1_107' title='bbox 1058 994 1129 1037; x_wconf 76' lang='lat' dir='ltr'><em>lzoc</em></span> <span class='ocrx_word' id='word_1_108' title='bbox 1155 996 1289 1039; x_wconf 87' lang='lat' dir='ltr'><em>miror.</em></span> <span class='ocrx_word' id='word_1_109' title='bbox 1322 996 1427 1039; x_wconf 86' lang='lat' dir='ltr'><em>Norz</em></span> <span class='ocrx_word' id='word_1_110' title='bbox 1450 996 1496 1039; x_wconf 75' lang='lat' dir='ltr'><em>in</em></span> 
     </span>
     <span class='ocr_line' id='line_1_14' title="bbox 218 1064 1496 1130; baseline -0.001 -18"><span class='ocrx_word' id='word_1_111' title='bbox 218 1070 331 1112; x_wconf 86' lang='lat' dir='ltr'><em>rebus</em></span> <span class='ocrx_word' id='word_1_112' title='bbox 351 1068 500 1111; x_wconf 80' lang='lat' dir='ltr'><em>vitium</em></span> <span class='ocrx_word' id='word_1_113' title='bbox 515 1100 529 1121; x_wconf 85' lang='lat'>,</span> <span class='ocrx_word' id='word_1_114' title='bbox 542 1066 622 1124; x_wconf 87' lang='lat' dir='ltr'><em>sed</em></span> <span class='ocrx_word' id='word_1_115' title='bbox 641 1067 685 1109; x_wconf 83' lang='lat' dir='ltr'><em>irz</em></span> <span class='ocrx_word' id='word_1_116' title='bbox 704 1067 848 1110; x_wconf 81' lang='lat' dir='ltr'><em>animo</em></span> <span class='ocrx_word' id='word_1_117' title='bbox 869 1064 957 1126; x_wconf 76' lang='lat' dir='ltr'><em>ipsb</em></span> <span class='ocrx_word' id='word_1_118' title='bbox 977 1067 1036 1130; x_wconf 88' lang='lat' dir='ltr'><em>est.</em></span> <span class='ocrx_word' id='word_1_119' title='bbox 1060 1067 1176 1110; x_wconf 84' lang='lat' dir='ltr'><em>Illud</em></span> <span class='ocrx_word' id='word_1_120' title='bbox 1189 1069 1301 1126; x_wconf 85' lang='lat' dir='ltr'><em>quod</em></span> <span class='ocrx_word' id='word_1_121' title='bbox 1314 1085 1496 1127; x_wconf 87' lang='lat' dir='ltr'><em>pauper-</em></span> 
     </span>
     <span class='ocr_line' id='line_1_15' title="bbox 219 1137 1500 1201; baseline 0.002 -18"><span class='ocrx_word' id='word_1_122' title='bbox 219 1153 341 1183; x_wconf 83' lang='lat' dir='ltr'><em>tatem</em></span> <span class='ocrx_word' id='word_1_123' title='bbox 369 1156 532 1198; x_wconf 77' lang='lat' dir='ltr'><em>gravem</em></span> <span class='ocrx_word' id='word_1_124' title='bbox 561 1140 683 1183; x_wconf 82' lang='lat' dir='ltr'><em>nobis</em></span> <span class='ocrx_word' id='word_1_125' title='bbox 702 1138 887 1196; x_wconf 80' lang='lat' dir='ltr'><em>fecerat,</em></span> <span class='ocrx_word' id='word_1_126' title='bbox 918 1137 960 1184; x_wconf 64' lang='lat' dir='ltr'><em>fr</em></span> <span class='ocrx_word' id='word_1_127' title='bbox 985 1140 1165 1184; x_wconf 74' lang='lat' dir='ltr'><em>divitias</em></span> <span class='ocrx_word' id='word_1_128' title='bbox 1189 1158 1333 1201; x_wconf 77' lang='lat' dir='ltr'><em>graves</em></span> <span class='ocrx_word' id='word_1_129' title='bbox 1349 1141 1500 1199; x_wconf 69' lang='lat' dir='ltr'><em>faciet,</em></span> 
     </span>
     <span class='ocr_line' id='line_1_16' title="bbox 221 1213 1497 1275; baseline 0.002 -20"><span class='ocrx_word' id='word_1_130' title='bbox 221 1213 578 1272; x_wconf 82' lang='lat' dir='ltr'><em>Quemadmodum</em></span> <span class='ocrx_word' id='word_1_131' title='bbox 598 1214 709 1256; x_wconf 76' lang='lat' dir='ltr'><em>nihil</em></span> <span class='ocrx_word' id='word_1_132' title='bbox 733 1213 851 1271; x_wconf 83' lang='lat' dir='ltr'><em>refert</em></span> <span class='ocrx_word' id='word_1_133' title='bbox 865 1248 879 1269; x_wconf 90' lang='lat'>,</span> <span class='ocrx_word' id='word_1_134' title='bbox 903 1228 1038 1258; x_wconf 81' lang='lat' dir='ltr'><em>utrum</em></span> <span class='ocrx_word' id='word_1_135' title='bbox 1058 1231 1220 1274; x_wconf 74' lang='lat' dir='ltr'><em>aegrum</em></span> <span class='ocrx_word' id='word_1_136' title='bbox 1239 1216 1282 1257; x_wconf 76' lang='lat' dir='ltr'><em>in</em></span> <span class='ocrx_word' id='word_1_137' title='bbox 1302 1214 1396 1258; x_wconf 66' lang='lat' dir='ltr'><em>leffo</em></span> <span class='ocrx_word' id='word_1_138' title='bbox 1412 1218 1497 1275; x_wconf 82' lang='lat' dir='ltr'><em>lig-.-</em></span> 
     </span>
     <span class='ocr_line' id='line_1_17' title="bbox 218 1286 1499 1351; baseline 0.003 -22"><span class='ocrx_word' id='word_1_139' title='bbox 218 1303 292 1330; x_wconf 88' lang='lat' dir='ltr'><em>neo</em></span> <span class='ocrx_word' id='word_1_140' title='bbox 308 1317 320 1341; x_wconf 85' lang='lat'><em>,</em></span> <span class='ocrx_word' id='word_1_141' title='bbox 333 1303 390 1329; x_wconf 81' lang='lat' dir='ltr'><em>art</em></span> <span class='ocrx_word' id='word_1_142' title='bbox 409 1286 456 1329; x_wconf 79' lang='lat' dir='ltr'><em>in</em></span> <span class='ocrx_word' id='word_1_143' title='bbox 475 1304 594 1330; x_wconf 86' lang='lat' dir='ltr'><em>aureo</em></span> <span class='ocrx_word' id='word_1_144' title='bbox 615 1289 781 1330; x_wconf 85' lang='lat' dir='ltr'><em>colloces</em></span> <span class='ocrx_word' id='word_1_145' title='bbox 793 1305 814 1340; x_wconf 89' lang='lat'><em>;</em></span> <span class='ocrx_word' id='word_1_146' title='bbox 828 1304 1067 1346; x_wconf 79' lang='lat' dir='ltr'><em>quocunque</em></span> <span class='ocrx_word' id='word_1_147' title='bbox 1084 1289 1199 1331; x_wconf 87' lang='lat' dir='ltr'><em>illum</em></span> <span class='ocrx_word' id='word_1_148' title='bbox 1218 1287 1467 1351; x_wconf 73' lang='lat' dir='ltr'><em>transtuleris</em></span> <span class='ocrx_word' id='word_1_149' title='bbox 1482 1323 1499 1342; x_wconf 87' lang='lat'><em>‚</em></span> 
     </span>
     <span class='ocr_line' id='line_1_18' title="bbox 216 1356 1497 1421; baseline 0.004 -21"><span class='ocrx_word' id='word_1_150' title='bbox 216 1359 400 1401; x_wconf 84' lang='lat' dir='ltr'><em>morbum</em></span> <span class='ocrx_word' id='word_1_151' title='bbox 407 1357 536 1416; x_wconf 80' lang='lat' dir='ltr'><em>suum</em></span> <span class='ocrx_word' id='word_1_152' title='bbox 550 1356 691 1416; x_wconf 75' lang='lat' dir='ltr'><em>secum</em></span> <span class='ocrx_word' id='word_1_153' title='bbox 719 1357 937 1416; x_wconf 79' lang='lat' dir='ltr'><em>transferet</em></span> <span class='ocrx_word' id='word_1_154' title='bbox 953 1374 969 1402; x_wconf 89' lang='lat'><em>.·</em></span> <span class='ocrx_word' id='word_1_155' title='bbox 985 1358 1050 1421; x_wconf 79' lang='lat' dir='ltr'><em>sic</em></span> <span class='ocrx_word' id='word_1_156' title='bbox 1069 1359 1183 1403; x_wconf 71' lang='lat' dir='ltr'><em>nihil</em></span> <span class='ocrx_word' id='word_1_157' title='bbox 1198 1361 1337 1417; x_wconf 65' lang='lat' dir='ltr'><em>refert,</em></span> <span class='ocrx_word' id='word_1_158' title='bbox 1359 1376 1497 1405; x_wconf 84' lang='lat' dir='ltr'><em>utrum</em></span> 
     </span>
     <span class='ocr_line' id='line_1_19' title="bbox 220 1431 1498 1495; baseline 0.003 -21"><span class='ocrx_word' id='word_1_159' title='bbox 220 1447 332 1490; x_wconf 77' lang='lat' dir='ltr'><em>aeger</em></span> <span class='ocrx_word' id='word_1_160' title='bbox 355 1431 526 1476; x_wconf 79' lang='lat' dir='ltr'><em>animus</em></span> <span class='ocrx_word' id='word_1_161' title='bbox 552 1433 598 1473; x_wconf 81' lang='lat' dir='ltr'><em>irz</em></span> <span class='ocrx_word' id='word_1_162' title='bbox 627 1432 788 1475; x_wconf 77' lang='lat' dir='ltr'><em>divitiis</em></span> <span class='ocrx_word' id='word_1_163' title='bbox 817 1449 876 1476; x_wconf 84' lang='lat' dir='ltr'><em>arz</em></span> <span class='ocrx_word' id='word_1_164' title='bbox 897 1434 943 1476; x_wconf 79' lang='lat' dir='ltr'><em>in</em></span> <span class='ocrx_word' id='word_1_165' title='bbox 966 1448 1203 1491; x_wconf 84' lang='lat' dir='ltr'><em>paupertate</em></span> <span class='ocrx_word' id='word_1_166' title='bbox 1218 1433 1281 1495; x_wconf 78' lang='lat' dir='ltr'><em>sit</em></span> <span class='ocrx_word' id='word_1_167' title='bbox 1293 1452 1313 1488; x_wconf 91' lang='lat'><em>,·</em></span> <span class='ocrx_word' id='word_1_168' title='bbox 1341 1437 1498 1479; x_wconf 83' lang='lat' dir='ltr'><em>malum</em></span> 
     </span>
     <span class='ocr_line' id='line_1_20' title="bbox 211 1501 1498 1567; baseline 0.005 -22"><span class='ocrx_word' id='word_1_169' title='bbox 211 1502 338 1561; x_wconf 82' lang='lat' dir='ltr'><em>suum</em></span> <span class='ocrx_word' id='word_1_170' title='bbox 355 1503 470 1546; x_wconf 86' lang='lat' dir='ltr'><em>illum</em></span> <span class='ocrx_word' id='word_1_171' title='bbox 475 1502 677 1563; x_wconf 85' lang='lat' dir='ltr'><em>sequitur.</em></span> <span class='ocrx_word' id='word_1_172' title='bbox 707 1503 786 1546; x_wconf 86' lang='lat' dir='ltr'><em>Aa&#39;</em></span> <span class='ocrx_word' id='word_1_173' title='bbox 791 1501 1047 1560; x_wconf 87' lang='lat' dir='ltr'><em>securitatem</em></span> <span class='ocrx_word' id='word_1_174' title='bbox 1069 1520 1154 1548; x_wconf 68' lang='grc' dir='ltr'><em>ποτε</em></span> <span class='ocrx_word' id='word_1_175' title='bbox 1173 1504 1225 1567; x_wconf 78' lang='lat' dir='ltr'><em>est</em></span> <span class='ocrx_word' id='word_1_176' title='bbox 1238 1522 1340 1564; x_wconf 84' lang='lat' dir='ltr'><em>opus</em></span> <span class='ocrx_word' id='word_1_177' title='bbox 1363 1507 1498 1561; x_wconf 81' lang='lat' dir='ltr'><em>fortu-</em></span> 
     </span>
     <span class='ocr_line' id='line_1_21' title="bbox 222 1574 1499 1641; baseline 0.002 -20"><span class='ocrx_word' id='word_1_178' title='bbox 222 1595 294 1621; x_wconf 83' lang='lat' dir='ltr'><em>na.</em></span> <span class='ocrx_word' id='word_1_179' title='bbox 322 1577 450 1636; x_wconf 78' lang='lat' dir='ltr'><em>Quod</em></span> <span class='ocrx_word' id='word_1_180' title='bbox 467 1577 576 1619; x_wconf 82' lang='lat' dir='ltr'><em>enim</em></span> <span class='ocrx_word' id='word_1_181' title='bbox 600 1574 896 1636; x_wconf 72' lang='lat' dir='ltr'><em>neceffitatisat</em></span> <span class='ocrx_word' id='word_1_182' title='bbox 914 1576 965 1641; x_wconf 83' lang='lat' dir='ltr'><em>est</em></span> <span class='ocrx_word' id='word_1_183' title='bbox 983 1609 996 1631; x_wconf 93' lang='lat'>,</span> <span class='ocrx_word' id='word_1_184' title='bbox 1018 1577 1132 1620; x_wconf 85' lang='lat' dir='ltr'><em>dabit</em></span> <span class='ocrx_word' id='word_1_185' title='bbox 1147 1611 1159 1631; x_wconf 90' lang='lat'>,</span> <span class='ocrx_word' id='word_1_186' title='bbox 1178 1579 1268 1621; x_wconf 87' lang='lat' dir='ltr'><em>licet</em></span> <span class='ocrx_word' id='word_1_187' title='bbox 1286 1580 1411 1624; x_wconf 87' lang='lat' dir='ltr'><em>irata.</em></span> <span class='ocrx_word' id='word_1_188' title='bbox 1431 1581 1499 1624; x_wconf 86' lang='lat' dir='ltr'><em>Ne</em></span> 
     </span>
     <span class='ocr_line' id='line_1_22' title="bbox 222 1647 1498 1711; baseline 0.002 -18"><span class='ocrx_word' id='word_1_189' title='bbox 222 1651 448 1708; x_wconf 81' lang='lat' dir='ltr'><em>imparatos</em></span> <span class='ocrx_word' id='word_1_190' title='bbox 467 1665 543 1692; x_wconf 87' lang='lat' dir='ltr'><em>rzos</em></span> <span class='ocrx_word' id='word_1_191' title='bbox 555 1647 736 1710; x_wconf 79' lang='lat' dir='ltr'><em>fortuna</em></span> <span class='ocrx_word' id='word_1_192' title='bbox 754 1649 1034 1707; x_wconf 77' lang='lat' dir='ltr'><em>deprehendat,</em></span> <span class='ocrx_word' id='word_1_193' title='bbox 1040 1650 1126 1706; x_wconf 86' lang='lat' dir='ltr'><em>fiat</em></span> <span class='ocrx_word' id='word_1_194' title='bbox 1142 1652 1260 1694; x_wconf 83' lang='lat' dir='ltr'><em>nobis</em></span> <span class='ocrx_word' id='word_1_195' title='bbox 1271 1667 1498 1711; x_wconf 77' lang='lat' dir='ltr'><em>paupertas</em></span> 
     </span>
     <span class='ocr_line' id='line_1_23' title="bbox 213 1721 1499 1784; baseline 0.003 -18"><span class='ocrx_word' id='word_1_196' title='bbox 213 1722 462 1781; x_wconf 85' lang='lat' dir='ltr'><em>familiaris.</em></span> <span class='ocrx_word' id='word_1_197' title='bbox 481 1721 670 1764; x_wconf 84' lang='lat' dir='ltr'><em>Securius</em></span> <span class='ocrx_word' id='word_1_198' title='bbox 689 1721 832 1765; x_wconf 81' lang='lat' dir='ltr'><em>divites</em></span> <span class='ocrx_word' id='word_1_199' title='bbox 848 1722 992 1765; x_wconf 86' lang='lat' dir='ltr'><em>erimus</em></span> <span class='ocrx_word' id='word_1_200' title='bbox 1007 1751 1021 1775; x_wconf 87' lang='lat'>‚</span> <span class='ocrx_word' id='word_1_201' title='bbox 1031 1721 1081 1784; x_wconf 81' lang='lat' dir='ltr'><em>si</em></span> <span class='ocrx_word' id='word_1_202' title='bbox 1076 1721 1255 1779; x_wconf 72' lang='lat' dir='ltr'><em>sciemus</em></span> <span class='ocrx_word' id='word_1_203' title='bbox 1271 1741 1392 1783; x_wconf 86' lang='lat' dir='ltr'><em>quam</em></span> <span class='ocrx_word' id='word_1_204' title='bbox 1413 1744 1499 1770; x_wconf 77' lang='lat' dir='ltr'><em>nort</em></span> 
     </span>
     <span class='ocr_line' id='line_1_24' title="bbox 209 1792 1498 1859; baseline 0.004 -19"><span class='ocrx_word' id='word_1_205' title='bbox 209 1795 272 1859; x_wconf 81' lang='lat' dir='ltr'><em>fit</em></span> <span class='ocrx_word' id='word_1_206' title='bbox 278 1812 400 1857; x_wconf 79' lang='lat' dir='ltr'><em>grave</em></span> <span class='ocrx_word' id='word_1_207' title='bbox 409 1811 605 1854; x_wconf 86' lang='lat' dir='ltr'><em>pauperes</em></span> <span class='ocrx_word' id='word_1_208' title='bbox 623 1792 709 1856; x_wconf 75' lang='lat' dir='ltr'><em>effe.</em></span> <span class='ocrx_word' id='word_1_209' title='bbox 726 1794 869 1855; x_wconf 77' lang='lat' dir='ltr'><em>Incipe</em></span> <span class='ocrx_word' id='word_1_210' title='bbox 886 1812 975 1840; x_wconf 87' lang='lat' dir='ltr'><em>cum</em></span> <span class='ocrx_word' id='word_1_211' title='bbox 986 1811 1224 1856; x_wconf 85' lang='lat' dir='ltr'><em>paupertate</em></span> <span class='ocrx_word' id='word_1_212' title='bbox 1239 1799 1374 1843; x_wconf 76' lang='lat' dir='ltr'><em>habere</em></span> <span class='ocrx_word' id='word_1_213' title='bbox 1395 1817 1498 1845; x_wconf 80' lang='lat' dir='ltr'><em>corz-</em></span> 
     </span>
    </p>
   </div>
   <div class='ocr_carea' id='block_1_3' title="bbox 223 1860 1511 1916">
    <p class='ocr_par' dir='ltr' id='par_1_3' title="bbox 223 1860 1511 1916">
     <span class='ocr_line' id='line_1_25' title="bbox 223 1860 1511 1916; baseline 0.002 -2"><span class='ocrx_word' id='word_1_214' title='bbox 223 1870 467 1916; x_wconf 73' lang='lat' dir='ltr'><em>cubernium.</em></span> <span class='ocrx_word' id='word_1_215' title='bbox 1505 1860 1511 1880; x_wconf 34' lang='grc' dir='ltr'><strong>Ε</strong></span> 
     </span>
    </p>
   </div>
   <div class='ocr_carea' id='block_1_4' title="bbox 322 2000 1502 2227">
    <p class='ocr_par' dir='ltr' id='par_1_4' title="bbox 322 2000 1502 2227">
     <span class='ocr_line' id='line_1_26' title="bbox 322 2000 1502 2069; baseline 0.003 -21"><span class='ocrx_word' id='word_1_216' title='bbox 322 2001 444 2049; x_wconf 88' lang='lat' dir='ltr'><em>Aude</em></span> <span class='ocrx_word' id='word_1_217' title='bbox 484 2000 643 2064; x_wconf 87' lang='lat' dir='ltr'><em>hospes</em></span> <span class='ocrx_word' id='word_1_218' title='bbox 676 2012 960 2049; x_wconf 87' lang='lat' dir='ltr'><em>contemnere</em></span> <span class='ocrx_word' id='word_1_219' title='bbox 997 2017 1135 2065; x_wconf 84' lang='lat' dir='ltr'><em>opes,</em></span> <span class='ocrx_word' id='word_1_220' title='bbox 1167 2017 1212 2051; x_wconf 89' lang='lat' dir='ltr'><em>et</em></span> <span class='ocrx_word' id='word_1_221' title='bbox 1245 2013 1288 2051; x_wconf 86' lang='lat' dir='ltr'><em>te</em></span> <span class='ocrx_word' id='word_1_222' title='bbox 1323 2019 1502 2069; x_wconf 79' lang='lat' dir='ltr'><em>quoque</em></span> 
     </span>
     <span class='ocr_line' id='line_1_27' title="bbox 386 2083 1148 2146; baseline 0.001 -18"><span class='ocrx_word' id='word_1_223' title='bbox 386 2083 569 2146; x_wconf 86' lang='lat' dir='ltr'><em>dignum</em></span> <span class='ocrx_word' id='word_1_224' title='bbox 1116 2108 1148 2129; x_wconf 63' lang='lat' dir='ltr'><em>l</em></span> 
     </span>
     <span class='ocr_line' id='line_1_28' title="bbox 327 2163 606 2227; baseline 0.004 -18"><span class='ocrx_word' id='word_1_225' title='bbox 327 2163 458 2227; x_wconf 87' lang='lat' dir='ltr'><em>Finge</em></span> <span class='ocrx_word' id='word_1_226' title='bbox 486 2164 606 2210; x_wconf 90' lang='lat' dir='ltr'><em>Deo.</em></span> 
     </span>
    </p>
   </div>
   <div class='ocr_carea' id='block_1_5' title="bbox 633 2193 791 2204">
    <p class='ocr_par' dir='ltr' id='par_1_5' title="bbox 633 2193 791 2204">
     <span class='ocr_line' id='line_1_29' title="bbox 633 2193 791 2204; baseline 0 666"><span class='ocrx_word' id='word_1_227' title='bbox 633 2193 791 2204; x_wconf 95' lang='lat' dir='ltr'><em> </em></span> 
     </span>
    </p>
   </div>
   <div class='ocr_carea' id='block_1_6' title="bbox 230 2293 1510 2439">
    <p class='ocr_par' dir='ltr' id='par_1_6' title="bbox 230 2293 1510 2439">
     <span class='ocr_line' id='line_1_30' title="bbox 230 2293 1509 2368; baseline 0.002 -22"><span class='ocrx_word' id='word_1_228' title='bbox 230 2293 365 2346; x_wconf 88' lang='lat' dir='ltr'><em>Nemo</em></span> <span class='ocrx_word' id='word_1_229' title='bbox 397 2303 510 2347; x_wconf 87' lang='lat' dir='ltr'><em>alius</em></span> <span class='ocrx_word' id='word_1_230' title='bbox 538 2302 691 2363; x_wconf 76' lang='lat' dir='ltr'><em>dignus</em></span> <span class='ocrx_word' id='word_1_231' title='bbox 720 2302 817 2346; x_wconf 82' lang='lat' dir='ltr'><em>Deo</em></span> <span class='ocrx_word' id='word_1_232' title='bbox 848 2300 930 2366; x_wconf 72' lang='lat' dir='ltr'><em>est,</em></span> <span class='ocrx_word' id='word_1_233' title='bbox 963 2301 1048 2366; x_wconf 81' lang='lat' dir='ltr'><em>nisi</em></span> <span class='ocrx_word' id='word_1_234' title='bbox 1063 2304 1136 2363; x_wconf 86' lang='lat' dir='ltr'><em>qui</em></span> <span class='ocrx_word' id='word_1_235' title='bbox 1167 2320 1260 2362; x_wconf 83' lang='lat' dir='ltr'><em>opes</em></span> <span class='ocrx_word' id='word_1_236' title='bbox 1288 2302 1509 2368; x_wconf 70' lang='lat' dir='ltr'><em>contemsit.</em></span> 
     </span>
     <span class='ocr_line' id='line_1_31' title="bbox 236 2371 1510 2439; baseline 0.003 -20"><span class='ocrx_word' id='word_1_237' title='bbox 236 2376 375 2436; x_wconf 80' lang='lat' dir='ltr'><em>Quare</em></span> <span class='ocrx_word' id='word_1_238' title='bbox 387 2371 639 2437; x_wconf 71' lang='lat' dir='ltr'><em>poſjeffiones</em></span> <span class='ocrx_word' id='word_1_239' title='bbox 669 2377 742 2420; x_wconf 78' lang='lat' dir='ltr'><em>cibi</em></span> <span class='ocrx_word' id='word_1_240' title='bbox 770 2391 858 2419; x_wconf 82' lang='lat' dir='ltr'><em>non</em></span> <span class='ocrx_word' id='word_1_241' title='bbox 878 2377 1101 2433; x_wconf 78' lang='lat' dir='ltr'><em>interdico,</em></span> <span class='ocrx_word' id='word_1_242' title='bbox 1116 2376 1199 2435; x_wconf 78' lang='lat' dir='ltr'><em>sed</em></span> <span class='ocrx_word' id='word_1_243' title='bbox 1219 2377 1361 2439; x_wconf 70' lang='lat' dir='ltr'><em>efficere</em></span> <span class='ocrx_word' id='word_1_244' title='bbox 1388 2381 1478 2423; x_wconf 70' lang='lat' dir='ltr'><em>volo</em></span> <span class='ocrx_word' id='word_1_245' title='bbox 1493 2410 1510 2434; x_wconf 85' lang='lat'>‚</span> 
     </span>
    </p>
   </div>
  </div>
 </body>
</html>
