1730 2870
239 99 330 163 358
473 102 521 153 L
568 101 874 152 ANNAEl
925 103 1294 154 SENECAE

239 207 448 268 ponderis
468 206 528 252 fit.
552 207 808 267 Quomodo
829 224 938 272 ergo
958 208 1002 255 in
1026 210 1200 259 summo
1225 222 1402 258 manent
1421 228 1520 276 gra-

240 281 345 327 via?
367 282 617 340 Quomodo
634 281 705 332 illa
723 281 863 331 moles
883 299 973 330 non
992 278 1213 336 de’scendit
1227 320 1241 342 ,
1263 298 1304 332 et
1325 286 1366 330 se
1385 302 1520 333 onere

239 354 318 400 :suo
339 354 530 417 frangit?
554 355 667 401 Fieri
685 356 800 402 enim
821 373 910 401 non
931 357 1097 419 potest,
1116 374 1162 405 ut
1178 373 1294 406 tanta
1320 359 1390 406 vis,
1404 377 1520 422 pon*

239 426 354 472 deris
367 461 380 482 ,
400 437 605 488 quantam
625 428 694 474 ifle
713 426 950 483 substituit,
973 430 1158 490 pendeat
1168 462 1186 485 ,,
1206 445 1250 479 et
1267 432 1519 480 levibusin—

238 499 343 548 nixa
372 498 438 548 fit„
462 501 559 546 Nec
591 500 699 547 illud
726 501 907 558 quidem
937 500 1080 563 potest
1114 501 1227 557 dici,
1261 503 1522 552 extrinsecus

240 571 386 634 aliqua
421 572 508 619 esse
543 573 776 619 retinacula
797 604 812 628 ‚
850 564 1008 636 quibus
1041 574 1193 620 cadere
1225 576 1523 636 prohibeatur.

239 644 286 690 N
290 661 339 690 ec
357 644 501 691 rursus
518 646 572 691 de
599 646 748 692 medio
769 646 937 710 aiiquid
955 646 1038 706 effe
1064 647 1283 709 opposui,
1300 651 1421 710 quod
1439 650 1523 696 im-

241 716 414 764 minens
441 734 604 781 corpus
639 718 825 780 excipiat
860 735 911 765 ac
947 718 1114 766 fulciat.
1148 721 1259 767 illud.
1288 721 1523 769 etiamnum

242 806 379 836 nemo
397 790 541 837 dicere
562 792 737 837 audebit
753 827 767 848 ‚
785 793 998 838 mundum
1017 790 1123 841 ferri
1144 810 1223 855 per
1239 793 1499 841 immensum
1513 831 1528 854 ,

242 876 289 908 et
306 862 461 910 cadere
484 864 690 927 quidem,
717 864 790 911 sed
818 881 909 910 non
941 881 1147 927 apparere
1166 883 1220 911 an
1241 868 1395 913 cadat:
1422 870 1526 930 quia

240 936 552 998 praecipitatio
578 938 671 985 eius
704 952 881 984 aeternav
903 937 988 995 est,
1013 938 1120 983 nihil
1149 939 1310 987 habens
1341 941 1528 988 noviffi-

243 1027 398 1069 mum,
427 1012 471 1058 in
497 1013 620 1076 quod
649 1013 856 1059 incurrat.
885 1014 986 1059 Hoc
1012 1013 1191 1076 quidam
1228 1015 1284 1062 de
1315 1028 1433 1062 terra
1459 1016 1529 1062 di·

244 1101 429 1144 xerunt,
464 1105 564 1134 cum
595 1089 812 1136 rationem
843 1088 1005 1134 nullam
1037 1087 1314 1146 invenirent,
1350 1102 1531 1152 propter

244 1176 381 1218 quam
408 1162 584 1222 pondus
604 1161 648 1207 in
672 1163 772 1209 aere
794 1160 932 1207 staret.
959 1164 1136 1217 Fertur,
1164 1160 1391 1223 inquiunt,
1416 1163 1530 1208 sem-

247 1249 327 1294 per
346 1249 359 1276 e
385 1232 455 1278 sed
474 1249 563 1279 non
593 1247 773 1297 apparet
790 1252 844 1280 an
867 1234 1015 1291 cadat,
1043 1233 1143 1296 quia
1161 1232 1378 1287 infinitum
1403 1233 1465 1280 est
1485 1234 1531 1279 in

245 1306 370 1366 quod
392 1306 517 1352 cadit.
549 1307 672 1367 Quid
694 1307 755 1354 est
773 1308 931 1355 deinde
952 1323 1044 1369 quo
1064 1306 1227 1369 probes
1242 1341 1256 1363 ‚
1289 1322 1380 1351 non
1399 1306 1531 1367 quin-

245 1395 333 1440 que
363 1390 532 1426 tantum
567 1381 707 1428 stellas
737 1380 940 1436 moveri,
974 1380 1048 1426 sed
1080 1379 1237 1425 multas
1271 1378 1377 1435 effe,
1407 1394 1449 1424 et
1485 1380 1531 1424 in

243 1449 392 1495 multis
419 1452 573 1498 mundi
601 1452 890 1514 regionibus?
917 1456 1006 1498 Aut
1031 1450 1062 1496 fi
1086 1451 1175 1496 hoc
1205 1449 1291 1495 fine
1314 1450 1404 1496 ullo
1423 1467 1531 1512 pro—

243 1522 378 1568 babili
405 1537 668 1585 argumento
691 1523 793 1570 licet
821 1523 1087 1585 respondere
1106 1558 1119 1576 ‚
1151 1521 1255 1581 quid
1282 1521 1366 1575 est,
1399 1537 1532 1583 quare

244 1612 338 1641 non
358 1595 511 1658 aliquis
531 1608 604 1642 aut
623 1612 778 1642 omnes
797 1594 942 1641 stellas.
955 1592 1132 1640 moveri
1147 1628 1161 1647 ‚
1188 1604 1261 1638 aut
1279 1593 1438 1640 nullam
1459 1595 1529 1641 d{-.

244 1660 345 1716 cat?
376 1670 602 1716 Praeterea
630 1668 736 1714 nihil
768 1683 811 1715 te
841 1668 1021 1714 adiuvat
1044 1666 1120 1712 ista
1140 1666 1353 1712 ssei-larum
1381 1669 1531 1729 paffim

242 1741 441 1788 euntium
470 1742 608 1788 turba.
639 1743 752 1787 Nam
781 1756 873 1803 quo
899 1740 1052 1801 plures,
1071 1737 1261 1794 fuerint,
1289 1739 1460 1801 saepius
1485 1741 1531 1786 in

243 1813 346 1859 aiias
374 1812 571 1860 incident
590 1831 605 1858 :⁴
624 1813 711 1859 rari
736 1826 881 1859 autem
906 1812 1153 1868 Cometae‚
1182 1825 1226 1856 et
1246 1812 1307 1857 ob
1336 1812 1423 1857 hoc
1444 1812 1530 1858 mi-

242 1886 396 1932 rabiles
420 1886 528 1932 sunt.
549 1887 695 1945 Quid,
715 1886 837 1949 quod
855 1884 1158 1932 testimonium
1180 1883 1293 1930 dicet
1312 1898 1468 1931 contra
1487 1901 1530 1932 te

242 1958 391 2004 omnis
411 1970 526 2022 aetas
542 1989 555 2011 ‚
577 1974 688 2019 quae
705 1957 859 2006 talium
878 1955 1095 2007 stellarum
1116 1969 1295 2005 exortus
1312 1969 1355 2005 et
1383 1974 1530 2005 anno-

244 2030 377 2085 tavit,
409 2026 451 2076 et
470 2029 653 2090 posteris
678 2030 887 2077 tradidit?

311 2104 416 2150 XV.
447 2102 548 2155 Post
580 2118 768 2150 mortem
796 2102 1014 2150 Demetrii
1035 2100 1198 2166 'Syriae
1231 2102 1374 2167 regis,
1409 2103 1536 2153 cuius

244 2175 501 2225 Demetrius
537 2187 581 2222 et
615 2175 858 2223 Antiochus
895 2176 1017 2222 liberi
1061 2175 1218 2234 fuere,
1258 2176 1390 2238 paulo
1430 2188 1529 2222 ante

247 2248 492 2297 Achaicum
514 2247 678 2294 bellum
700 2249 910 2295 Cometes
936 2248 1116 2306 effulsit,
1144 2265 1236 2297 non
1260 2248 1406 2305 minor
1426 2248 1527 2294 sole.

249 2320 402 2366 Primo
436 2321 587 2382 igneus
607 2337 656 2366 ac
678 2320 948 2367 rubicundus
981 2320 1103 2367 orbis
1133 2319 1242 2377 fuit,
1278 2320 1531 2382 clarumque

249 2391 402 2440 lumen
421 2393 626 2441 emittens
653 2427 670 2451 ,v
699 2404 867 2455 quantor
897 2392 1094 2442 vinceret
1123 2392 1312 2443 noctem.
1350 2390 1531 2440 Deinde-
