1730 2870
1211 35 1236 50 ,χ

471 92 557 144 DE
593 93 811 142 MORTE
845 95 934 141 CL.
970 95 1265 155 CAESARIS„
1303 114 1310 122 ·
1401 98 1490 163 387

217 198 357 249 domo
380 200 574 249 Craffum
598 203 810 264 Magnum
829 237 842 259 ‚
865 196 1136 248 Scriboniam
1154 236 1167 260 ,
1187 199 1498 265 Tristioniam5

217 274 490 322 Assar-ionem
508 309 522 331 ,
550 274 718 320 nobiles
738 288 915 321 tamen:
951 274 1149 325 Craffum
1177 291 1288 324 vero
1313 285 1400 324 tam
1432 279 1498 326 fam

216 357 340 395 tuum
353 381 367 403 ,
385 360 435 393 ut
457 346 587 393 etiam
608 362 786 410 regnare
806 345 958 409 poffet.
978 347 1210 410 Cogitate,
1233 350 1279 396 P.
1298 350 1353 398 C.
1371 353 1499 414 quale

216 431 471 483 portentum
508 418 555 465 in
595 435 826 465 numerum
858 420 1045 467 deorum
1083 419 1125 467 se
1162 421 1299 484 recipi
1337 423 1499 487 cupiam³

217 494 349 539 Hunc
369 507 484 549 nunc
506 491 636 538 deum
667 490 812 538 facere
833 491 997 538 vultis?
1019 491 1177 540 Videte
1203 510 1366 557 corpus
1386 497 1497 557 eius,

216 566 298 613 diis
314 565 431 612 iratis
451 577 614 612 natum.
634 566 707 612 Ad
727 565 963 623 summam,
985 565 1067 612 tria
1092 567 1226 614 verba
1251 569 1343 616 cito
1363 570 1501 629 dicat,

216 651 258 685 et
290 638 462 686 servum
496 655 566 685 me
602 638 745 686 ducat.
778 640 908 685 Hunc
937 639 1067 685 deum
1093 639 1192 702 quis
1218 641 1368 688 colet?
1401 644 1500 707 quis

216 711 392 758 credet?
426 710 614 774 denique
644 712 750 758 dum
780 711 886 758 tales
917 712 1025 758 deos
1054 710 1217 770 facitis,
1249 730 1383 760 nemo
1414 731 1500 763 vos

216 785 326 831 deos
352 783 436 831 effe
459 785 618 831 credet.
651 786 830 832 Summa
860 784 952 840 rei,
984 786 1031 831 P.
1052 784 1106 830 C.
1129 783 1157 829 fi
1178 785 1358 832 honeste
1388 787 1502 836 inter

215 872 298 903 vos
316 855 418 919 geffi
434 887 447 911 ‚
475 855 504 900 fi
525 856 627 902 nulli
652 857 800 904 durius
825 855 1056 919 respondi,
1081 855 1305 904 vindicate
1322 857 1500 908 iniurias

217 942 346 975 meas.
376 930 470 991 Ego
498 946 579 990 pro
608 928 814 976 sententia
838 946 935 976 mea
964 930 1051 976 hoc
1070 922 1240 976 Censeo.
1271 934 1414 995 Atque
1441 933 1501 980 ita

216 1020 270 1049 ex
300 1003 452 1050 tabella
489 1003 690 1051 recitavit
717 1019 729 1050 ε
758 1002 1135 1066 Quandoquidem
1169 1004 1318 1051 Divus
1360 1006 1499 1054 Clau·-

216 1077 312 1124 dius
329 1077 495 1124 occidit
511 1069 710 1124 socerum
724 1078 845 1130 suum
863 1077 1055 1140 Appium
1075 1077 1264 1124 Silanum
1279 1113 1293 1136 ‚
1312 1092 1500 1141 generos

215 1151 357 1207 duos,
386 1151 648 1212 Pompeium
666 1154 885 1214 ‘Magnum
915 1163 957 1196 et
984 1151 1031 1195 L.
1050 1149 1266 1207 Silanum,
1297 1152 1499 1200 socerum

216 1222 328 1269 filiae
347 1221 443 1268 suae
461 1222 683 1280 Craffum,
697 1223 813 1286 frugi
831 1223 1080 1281 hominem,
1099 1235 1185 1270 tam
1205 1223 1385 1271 similem
1404 1225 1500 1283 fibi,

190 1310 346 1359 *quam
378 1313 474 1344 ovo
505 1312 677 1353 ovum»,
712 1297 985 1343 Scriboniam
1019 1298 1191 1344 socrum
1224 1297 1337 1345 filiae
1371 1299 1498 1359 suae,

216 1369 487 1417 Meffalinam
511 1378 701 1416 ‘uxorem
732 1368 874 1427 suam,
904 1379 947 1416 et
979 1382 1149 1417 ceteros
1166 1404 1180 1429 ‚
1200 1387 1390 1434 quorum
1416 1390 1501 1420 nu-

216 1459 359 1490 merus
379 1442 480 1488 iniri
509 1459 602 1488 non
622 1443 796 1504 potuit:
831 1442 973 1504 placet
1004 1442 1112 1488 mihi
1145 1438 1191 1488 in
1217 1459 1317 1489 eum
1349 1444 1500 1492 severe

215 1514 532 1572 animadverti,
560 1531 644 1562 nec
671 1515 731 1560 ilii
762 1531 907 1560 rerum
933 1513 1264 1563 iudicandarum
1299 1518 1500 1565 vacatio-

219 1606 318 1635 nem
339 1587 460 1643 dari,
489 1603 680 1650 eumque
700 1587 1024 1649 quamprimum
1043 1588 1287 1650 exportari,
1308 1603 1350 1636 et
1368 1591 1498 1638 coelo

215 1660 326 1708 intra
343 1661 434 1708 dies
451 1675 564 1707 XXX
577 1659 785 1706 excedere
799 1695 812 1716 ‚
829 1659 1037 1723 Olympo
1052 1659 1162 1706 intra
1178 1660 1293 1707 diem
1306 1664 1499 1712 tertium„

215 1732 402 1781 Pedibus
416 1733 462 1779 in
480 1733 591 1778 hanc
610 1730 862 1777 sententiam
880 1732 988 1777 itum
1010 1731 1082 1779 est.
1102 1733 1196 1778 Nec
1215 1749 1367 1794 mora,
1384 1735 1499 1800 Cy1÷

213 1807 352 1856 lenius
370 1805 493 1852 illum
513 1805 632 1853 collo
653 1805 836 1851 obtorto
855 1805 985 1851 trahit
1008 1806 1062 1851 ad
1081 1805 1275 1867 inferos,

344 1914 370 1958 I
371 1915 450 1959 [lac
468 1913 574 1975 unde
593 1924 746 1973 negant
764 1913 883 1957 redire
901 1931 1148 1974 quenquam.

216 2019 339 2066 Dum
360 2017 629 2064 descendunt
654 2032 732 2079 per
756 2016 874 2063 viam
894 2017 1052 2064 sacram
1074 2053 1088 2077 ‚
1116 2014 1357 2086 inferrogar
1377 2022 1498 2072 Mera

216 2092 385 2148 curius,
411 2090 516 2153 quid
539 2091 618 2137 fibi
637 2091 744 2138 velit
764 2091 832 2136 ille
853 2093 1090 2140 concursus
1113 2094 1368 2152 hominum,
1391 2115 1496 2146 num

216 2163 389 2210 Claudii
407 2163 536 2210 funus
556 2162 689 2210 effer?
710 2166 762 2210 Et
779 2176 869 2210 erat
889 2164 1091 2211 omnium
1109 2166 1465 2216 formofiffimum
1480 2202 1496 2228 ,

216 2252 258 2282 et
275 2234 469 2298 impensa
487 2251 590 2281 cura
611 2235 789 2297 plenum
804 2269 817 2292 ,
838 2250 886 2281 ut
910 2236 1035 2284 scires
1055 2239 1185 2285 deum
1204 2238 1374 2299 efferri,
1397 2244 1498 2290 tibi-

215 2308 386 2365 cinum,
419 2307 724 2365 cornicinum,
761 2308 990 2370 omnisque
1018 2312 1190 2373 generis
1215 2328 1496 2364 aeneatorum

217 2392 334 2441 tanta
354 2381 507 2438 turba,
527 2374 668 2428 tantus
690 2394 962 2441 conventus,
981 2396 1028 2430 ut
1052 2383 1182 2432 etiam
1202 2386 1409 2437 Claudius
1423 2404 1500 2443 auf

1111 2458 1142 2501 P,
1158 2458 1185 2504 b
1224 2476 1249 2504 2,
