1730 2870
239 148 332 200 250
461 138 512 185 L.
560 137 852 185 ANNAEI
899 138 1255 187 SENECAE

237 242 341 289 dam
369 243 486 291 lacus
511 245 620 300 effe,
652 246 731 309 qui
754 247 886 293 nandi
904 246 1134 311 imperitos
1164 248 1330 307 serant,
1362 256 1521 297 notum'

240 317 312 365 est.
339 320 439 364 Erat
461 317 506 363 in
533 318 676 366 Sicilia
694 355 708 377 ‚
737 319 797 366 est
822 320 963 367 adhuc
990 322 1036 367 in
1068 322 1198 385 Syria
1220 321 1441 385 stagnum,
1474 323 1523 368 in

239 407 332 454 quo
362 403 509 438 natant
536 393 689 440 lateres
706 429 719 452 ‚
754 405 797 440 et
818 394 958 458 mergi
978 396 1172 456 proiefflx
1197 413 1287 442 non
1315 395 1491 458 poffunt
1510 432 1526 455 ,

239 461 340 508 licet
359 463 508 524 gravia
529 463 622 510 sint.
643 464 782 512 Huius
803 466 867 511 rei
888 465 1031 527 palam
1049 466 1171 514 causa
1186 466 1261 514 est.
1279 483 1524 530 quamcun-

241 550 327 596 que
347 534 414 582 vis
431 552 524 582 rem
544 537 741 598 expende
758 572 772 593 ‚
795 550 838 584 et
855 550 1011 584 contra
1036 554 1191 602 aquam
1213 539 1349 585 statue
1362 575 1381 597 „
1394 540 1526 585 dum-

242 606 385 653 modo
403 607 626 671 utriusque
656 626 732 670 par
750 608 800 654 fit
826 610 986 656 modus
1004 628 1014 656 :
1033 609 1065 655 fi
1090 627 1203 673 aqua
1234 611 1410 673 gravior
1438 610 1526 667 est,

244 678 462 727 leviorem
480 699 598 739 rem,
616 699 746 745 quam
768 681 857 744 ipsa
881 682 965 740 est,
987 682 1097 730 feret
1109 718 1122 741 ,
1140 697 1183 730 et
1199 695 1319 729 tanto
1343 685 1468 746 supra
1486 683 1527 729 se

244 751 428 799 extollet
441 788 454 811 ,
475 769 644 816 quanto
664 755 746 800 erit
765 753 939 800 levior:
961 754 1164 816 graviora
1183 754 1454 818 descendent.
1471 760 1529 800 At

245 823 278 869 fi
296 840 434 887 aquae
450 857 465 881 ‚
483 838 526 872 et
544 826 637 873 eius
660 826 723 873 rei
742 843 873 890 quam
895 839 1049 874 contra
1071 825 1267 889 pensabis
1283 863 1297 884 ‚
1316 844 1395 890 par
1413 845 1529 890 pon-

246 896 328 942 dus
345 897 429 944 erit
449 915 460 944 :
480 915 560 944 nec
581 898 748 961 pessum
766 899 871 957 ibit,
904 916 985 946 nec
1003 899 1211 953 exstabit,
1229 898 1301 945 sed
1322 899 1530 962 aequabi-

246 981 319 1016 tur
348 986 515 1033 aquae:
540 984 583 1017 et
605 971 767 1017 natabit
802 971 979 1034 quidem
996 1007 1009 1028 ‚
1040 971 1112 1018 sed
1140 987 1275 1032 paene
1294 970 1458 1025 mersa,
1482 987 1532 1016 ac

247 1041 364 1088 nulla
383 1043 583 1091 eminens
601 1056 733 1106 parte.
748 1045 850 1091 Hoc
867 1044 928 1091 est
949 1061 1028 1091 cur
1042 1044 1253 1107 quaedam
1273 1042 1391 1105 tigna
1408 1042 1534 1104 supra

245 1130 408 1177 aquam
423 1151 436 1173 ‚
461 1132 600 1178 paene
617 1127 710 1162 tota
730 1114 966 1161 efferantur
986 1133 997 1160 τ
1019 1116 1235 1177 quaedam
1263 1116 1316 1159 ad
1337 1113 1534 1160 medium

246 1186 465 1234 submersa
488 1188 593 1246 fint,
617 1188 833 1251 quaedam
860 1188 913 1233 ad
937 1187 1248 1249 aequilibrium
1274 1202 1413 1248 aquae
1437 1184 1535 1232 des-

249 1260 450 1307 cendant.
467 1261 672 1324 Namque
687 1277 787 1306 cum
803 1260 1025 1323 utriusque
1047 1260 1217 1322 pondus
1237 1275 1313 1321 par
1326 1258 1409 1314 est,
1427 1274 1538 1304 neu-

252 1345 407 1397 traque
425 1350 492 1380 res
510 1334 637 1381 alteri
657 1334 797 1392 cedit,
828 1334 1033 1398 graviora
1054 1333 1321 1380 descendunt
1334 1367 1348 1389 ‚
1367 1332 1537 1378 leviora

255 1408 491 1471 gestantur.
514 1409 664 1455 Grave
683 1421 829 1455 autem
849 1420 891 1454 et
916 1407 1014 1455 leve
1034 1406 1111 1463 est,
1128 1423 1219 1453 non
1240 1406 1537 1454 aestimatione

254 1482 426 1540 nostra,
456 1483 529 1529 sed
557 1483 890 1544 comparatione
918 1483 1009 1528 eius
1028 1497 1119 1544 quo
1149 1480 1253 1527 vehi
1281 1480 1423 1526 debet.
1452 1482 1537 1526 Ita-

253 1571 340 1619 que
364 1555 441 1600 ubi
459 1571 571 1617 aqua
590 1554 771 1617 gravior
790 1553 851 1600 est
869 1552 1062 1599 hominis
1081 1568 1272 1614 corpore
1285 1586 1298 1608 ‚
1329 1565 1402 1597 aut
1422 1550 1540 1610 saxi,

254 1643 347 1672 non
369 1626 467 1672 finit
484 1627 529 1672 id
547 1643 639 1689 quo
661 1642 752 1672 non
774 1625 967 1673 vincitur
981 1662 995 1683 ‚
1019 1625 1168 1687 mergi,
1199 1624 1270 1671 Sic
1288 1623 1462 1678 evenit,
1490 1637 1541 1670 ut

256 1698 304 1746 in
331 1698 592 1762 quibusdam
612 1697 769 1761 stagnis
790 1714 842 1744 ne
861 1697 1030 1760 lapides
1047 1696 1225 1760 quidem
1244 1695 1410 1757 pessum
1429 1707 1557 1743 eant..

257 1773 311 1819 de
335 1771 481 1819 solidis
506 1784 549 1819 et
568 1771 686 1819 duris
707 1772 880 1834 loquor.
906 1773 1013 1818 Sunt
1036 1770 1153 1817 enim
1178 1769 1302 1816 multi
1323 1768 1542 1831 pumicofi

260 1862 303 1895 et
322 1846 467 1904 leves,
497 1864 551 1893 ex
578 1848 735 1910 quibus
754 1863 866 1910 quae
894 1846 1091 1894 constant
1119 1845 1306 1900 insulae,
1336 1845 1380 1890 in
1399 1844 1543 1908 Lydia

261 1932 420 1966 natant.
443 1920 772 1982 Theophrastus
799 1919 860 1966 est
879 1921 1039 1967 aufior.
1073 1918 1166 1981 Ipse
1194 1918 1246 1964 ad
1269 1917 1449 1964 Cutilias
1469 1934 1544 1964 nav

261 2007 424 2041 tantem
444 1992 624 2039 insulam
647 1992 754 2041 vidi.
773 1993 867 2039 Alia
890 1993 935 2038 in
955 1991 1216 2039 Vadimonis
1234 1992 1331 2038 lacu
1348 1990 1545 2048 vehitur,

262 2068 344 2115 alia
369 2068 414 2115 in
438 2068 535 2116 lacu
558 2069 829 2116 Statonienfi.
857 2068 1113 2115 Cutiliarum
1139 2067 1274 2114 insula
1305 2078 1347 2113 et
1370 2067 1547 2112 arbores

262 2143 394 2189 habet
406 2179 422 2200 ‚
441 2154 485 2189 et
502 2142 655 2190 herbas
675 2144 840 2201 nutrit,
860 2154 1005 2189 tamen
1025 2159 1136 2205 aqua
1162 2140 1388 2187 sustinetur
1406 2157 1417 2186 :
1440 2153 1483 2186 et
1501 2139 1548 2184 in

269 2215 384 2263 hanc
405 2227 534 2279 atque
558 2216 675 2262 illam
700 2232 868 2278 partem
890 2233 982 2263 non
1006 2230 1173 2263 tantum
1194 2227 1331 2262 vento
1357 2212 1548 2274 impelli-

268 2301 341 2336 tur
357 2326 370 2347 ,
395 2290 467 2336 sed
487 2305 531 2338 et
554 2307 672 2336 aura,
701 2291 799 2336 Nec
828 2306 1022 2353 unquam
1048 2289 1110 2335 illi
1135 2305 1213 2351 per
1235 2287 1350 2333 diem
1377 2299 1420 2332 et
1439 2301 1549 2331 noc-

269 2378 359 2411 tem
389 2366 433 2411 in
453 2382 544 2412 uno
570 2367 674 2414 loco
696 2364 820 2412 statio
839 2363 899 2410 est
918 2382 928 2410 ε
954 2364 1065 2410 adeo
1085 2375 1291 2410 movetur
1314 2361 1402 2409 levi
1429 2360 1549 2408 flatu.

269 2437 389 2485 Huic
410 2438 572 2501 duplex
599 2438 724 2488 causa
747 2437 819 2486 est.
843 2441 997 2501 Aquae
1016 2436 1205 2500 gravi-tas
1222 2435 1461 2484 medicatae
1475 2468 1490 2494 ³
1506 2444 1548 2480 e&
