1730 2870
282 191 345 238 70
542 179 589 224 L.
625 179 925 224 ANNAEI
975 178 1334 227 SENECAE

275 281 366 327 cari
387 283 630 346 quidquam
659 283 861 347 gravius,
889 301 1020 348 quam
1054 284 1085 330 fi
1112 286 1376 349 imprecatus
1404 287 1562 347 fueris;

277 368 325 401 ut
354 356 396 403 se
425 357 580 404 habeat
606 359 777 404 iratum.
807 358 890 404 Sed
921 373 1011 405 non
1036 359 1127 417 est,
1157 377 1290 423 quare
1323 354 1524 424 cuiquam
1545 397 1560 420 ,

276 443 408 490 quem
442 428 620 490 dignum
658 445 802 491 poena
837 431 1061 491 putaveris
1081 467 1094 489 ‚
1126 443 1278 494 optes,
1311 444 1358 479 ut
1383 433 1561 482 infestos

276 502 384 549 deos
404 501 558 549 habeat
577 519 588 547 :
614 501 772 558 habet,
796 502 971 565 inquam
990 538 1003 558 ,
1026 504 1190 550 etiamfi
1207 506 1379 553 videtur
1402 523 1557 553 eorum

277 593 383 623 cura
404 588 445 623 et
464 577 618 623 favore
637 577 837 640 produci.
864 578 1034 624 Adhibe
1059 579 1327 642 diligentiam
1351 592 1493 639 tuam,
1517 592 1559 629 et

275 650 447 697 intuere
462 685 475 707 ‚
507 650 614 714 quid
635 650 717 698 fint
744 668 811 700 res
839 652 1006 699 nostrae
1022 685 1036 708 ,
1065 669 1156 699 non
1179 655 1287 717 quid
1309 667 1525 702 vocentur
1545 673 1556 702 :

273 737 318 769 et
343 724 446 770 scies
465 725 589 786 plura
615 726 725 771 mala
751 727 1009 789 contingere
1026 727 1176 784 nobis,
1194 745 1323 791 quam
1350 729 1560 776 accidere.

277 796 470 855 Quoties
498 797 612 844 enim
640 797 856 844 felicitatis
883 798 1004 844 causa
1028 811 1070 845 et
1095 799 1265 846 initium
1297 799 1407 856 fuit,
1435 800 1557 864 quod

274 870 494 916 calamitas
527 870 804 916 vocabatur?
846 871 1037 930 Quoties
1074 889 1229 934 magna
1270 872 1554 936 gratulatione

274 956 461 1005 excepta
489 960 556 990 res
585 944 767 1007 gradum
793 944 870 990 fibi
897 943 1049 991 struxit
1073 945 1117 990 in
1145 961 1376 1007 praeceps,
1408 957 1450 992 et
1477 945 1558 991 ali·

274 1034 407 1080 quem
429 1016 515 1063 iam
543 1018 805 1063 eminentem
828 1017 1034 1064 allevavit
1060 1017 1297 1062 etiamnum
1314 1050 1327 1070 ‚
1350 1030 1556 1080 tanquam

275 1089 339 1136 ibi
369 1090 510 1136 adhuc
531 1089 682 1147 staret,
706 1091 823 1137 unde
847 1102 943 1138 tuto
964 1089 1168 1136 caderet?
1200 1089 1270 1136 sed
1293 1089 1431 1152 ipsum
1452 1088 1558 1135 illud

277 1163 433 1210 cadere
469 1180 560 1210 non
592 1164 720 1210 habet
752 1163 796 1209 in
832 1163 873 1210 se
900 1163 1002 1208 mali
1034 1163 1301 1225 quidquam,
1338 1161 1368 1207 fi
1392 1160 1555 1208 exitum

274 1235 436 1296 spe&es
456 1270 471 1291 ,
494 1235 603 1281 ultra
630 1252 762 1297 quem
791 1246 942 1280 natura
972 1234 1191 1279 neminem
1221 1233 1382 1279 deiicit.
1413 1234 1556 1294 Prope

276 1309 338 1357 est
368 1325 512 1356 rerum
542 1309 743 1355 omnium
786 1307 1022 1365 terminus,
1059 1324 1200 1369 prope
1230 1307 1312 1366 est,
1348 1307 1555 1371 inquam,

273 1398 318 1430 et
357 1382 465 1428 illud
498 1381 615 1427 unde
654 1380 758 1427 felix
792 1380 991 1437 eiicitur,
1033 1392 1076 1426 et
1109 1379 1213 1425 illud
1248 1380 1364 1426 unde
1400 1379 1555 1427 infelix

272 1454 500 1502 emittitur.
538 1454 633 1499 Nos
670 1467 853 1516 utraque
887 1452 1183 1508 extendimus,
1217 1464 1261 1498 et
1290 1451 1448 1515 longa,
1480 1452 1554 1515 spe

273 1546 325 1575 ac
355 1540 474 1575 metu
500 1527 699 1574 facimus.
733 1527 817 1572 Sed
840 1524 866 1571 fi
887 1526 1022 1588 sapis,
1060 1525 1210 1572 omnia
1237 1526 1424 1572 humana
1445 1543 1553 1573 con-

272 1603 442 1650 ditione
466 1600 619 1648 metire
647 1618 658 1644 :
691 1600 816 1646 fimul
848 1611 890 1646 et
913 1601 1035 1663 quod
1064 1601 1249 1663 gaudes,
1278 1612 1321 1645 et
1349 1602 1468 1663 quod
1499 1601 1552 1647 ti-

270 1693 365 1722 mes
383 1675 608 1722 contrahe.
643 1673 715 1720 Est
734 1674 868 1728 tanti,
895 1673 969 1719 diu
992 1674 1097 1719 nihil
1127 1675 1338 1736 gaudere,
1372 1691 1426 1721 ne
1445 1674 1552 1738 quid

272 1751 347 1797 diu
374 1750 541 1797 timeas.
573 1749 655 1795 Sed
684 1765 817 1812 quare
847 1747 955 1794 istuc
985 1748 1146 1793 malum
1168 1747 1424 1811 adstringo?
1459 1764 1551 1795 non

269 1822 328 1870 est
347 1821 470 1885 quod
497 1821 739 1884 quidquam
766 1821 1011 1867 timendum
1032 1833 1168 1882 putes.
1195 1823 1320 1866 Vana
1349 1819 1447 1866 sunt
1471 1819 1548 1866 ista

238 1946 242 1950 ,
269 1912 383 1956 qnae
407 1910 489 1941 nos
504 1906 718 1949 movent,
739 1910 851 1956 quae
876 1893 1083 1939 attonitos
1105 1893 1275 1940 habent.
1295 1894 1443 1939 Nemo
1465 1909 1549 1939 no-

268 1969 404 2014 strum
433 1967 537 2029 quid
561 1967 656 2013 veri
684 1966 788 2012 effer
805 1999 820 2021 ‚
847 1966 1024 2012 excuffit
1042 2002 1054 2020 ,
1076 1965 1147 2011 sed
1174 1978 1336 2011 metum
1357 1966 1463 2012 alter
1481 1965 1545 2011 al-

268 2040 350 2088 teri
377 2038 569 2086 tradidit.
597 2040 746 2084 Nemo
777 2037 903 2084 ausus
922 2037 980 2084 est
1004 2038 1057 2084 ad
1088 2038 1130 2083 id
1151 2047 1252 2101 ’quo
1272 2038 1547 2101 perturbatur

268 2112 499 2169 accedere,
531 2122 574 2156 et
607 2121 803 2156 naturam
833 2128 882 2158 ac
906 2112 1071 2156 bonum
1107 2110 1276 2157 timoris
1315 2111 1374 2157 sui
1412 2110 1548 2158 noffe.

267 2188 419 2248 Itaque
449 2201 517 2232 res
547 2183 648 2229 falsa
677 2195 719 2230 et
751 2183 888 2230 inanis
916 2184 1044 2230 habet
1077 2184 1216 2231 adhuc
1248 2183 1409 2242 fidem,
1443 2185 1546 2247 quia

267 2275 361 2304 non
394 2256 661 2320 coarguitur.
705 2256 839 2304 Tanti
859 2270 1059 2319 putemus
1097 2256 1253 2302 oculos
1283 2256 1506 2302 intendere
1533 2273 1546 2302 :

269 2332 354 2378 iam
385 2330 609 2394 apparebit
643 2347 772 2392 quam
804 2331 982 2387 brevia,
1015 2348 1147 2395 quam
1184 2331 1376 2388 incerta,
1413 2347 1543 2393 quam

266 2416 359 2449 tura
379 2404 626 2450 timeantur.
650 2403 769 2450 Talis
793 2403 853 2450 est
878 2404 1125 2451 animorum
1154 2403 1404 2451 nostrorum
1433 2419 1544 2451 con-

263 2475 377 2523 fusio
394 2511 407 2532 ,
437 2475 575 2539 qualis
603 2476 812 2524 Lucretio
836 2476 926 2525 visa
947 2476 1037 2524 est:
