1730 2870
342 97 601 148 NATUR.
645 99 940 180 Quaesr.
988 100 1103 145 Lm.
1140 100 1237 146 vn.
1338 102 1428 164 365

149 208 359 256 Cometes
390 208 523 254 habet
557 205 676 253 suam
706 206 848 253 sedem
870 224 881 253 :
903 217 945 254 et
972 205 1076 254 ideo
1106 223 1195 253 non
1229 205 1318 255 cito
1353 223 1435 253 ex-

151 281 325 343 pellitur
342 316 356 338 ,
382 279 452 326 sed
470 278 672 325 emetitur
699 279 882 342 spatium
915 278 1036 325 suum
1060 296 1071 325 :
1094 295 1174 325 nec
1196 278 1438 342 exstingui·

150 367 225 401 'tur
241 389 254 412 ‚
286 353 357 400 sed
377 352 560 399 excedit.
588 352 629 398 Si
660 352 839 399 erratica
857 387 870 410 ,
901 351 1042 414 inquit
1059 387 1073 409 ‚
1099 351 1213 399 stella
1233 350 1362 408 effer,
1391 351 1438 396 in

150 424 359 489 {ignifero
398 423 512 470 effer.
551 423 665 483 Quis
705 439 839 469 unum
879 422 1008 469 stellis
1050 423 1232 470 limitem
1269 421 1396 485 ponit
1418 423 1437 468 ἓ

151 496 265 557 Quis
282 496 336 542 in*
348 495 572 558 angustum
588 494 735 542 divina
749 494 1007 556 compellit?
1032 497 1204 557 Nempe
1226 495 1331 541 haec
1350 494 1442 556 ipsa

152 569 288 615 fidera
301 604 314 625 ‚
341 584 451 631 quae
466 567 552 614 sola
572 566 746 614 moveri
764 566 902 614 credis
916 601 928 624 ‚
953 566 1061 613 alios
1079 579 1120 612 et
1133 566 1240 613 alios
1254 566 1440 613 circulos

153 638 327 685 habent.
359 639 508 699 Quare
545 651 654 699 ergo
685 651 776 682 non
817 635 958 699 aliqua
985 635 1092 693 sint,
1114 652 1222 699 quae
1256 636 1301 682 in
1331 653 1443 698 pro-

156 711 302 774 prium
321 710 403 757 iter
426 721 468 757 et
494 708 547 756 ab
566 708 652 755 istis
669 720 888 758 remotum
906 708 1185 759 secesserint?
1211 709 1337 768 Quid
1355 709 1446 769 est,

158 801 292 846 quare
312 784 356 830 in
374 783 516 846 aliqua
534 796 654 845 parte
673 781 847 829 coelum
867 782 1072 845 pervium
1092 798 1182 828 non
1200 783 1248 830 sit
1267 787 1281 829 ?
1306 784 1446 844 Quod

156 856 188 903 (i
213 856 377 904 iudicas
397 892 409 914 ‚
441 872 530 902 non
565 854 686 917 poffe
719 854 848 902 ullam
886 855 1044 902 stellam
1083 855 1160 902 nili
1193 855 1446 918 signiferum

155 928 389 991 attingere:
416 927 624 974 Cometes
646 926 787 989 potest
805 926 860 974 sic
881 927 1014 974 latum
1032 927 1190 975 habere
1208 929 1450 989 circulum‚⁴

158 1013 206 1046 ut
240 999 283 1044 in
320 999 434 1045 hunc
451 1010 595 1044 tamen
618 1009 738 1059 parte
754 998 895 1062 aliqua
918 998 979 1045 sui
998 998 1187 1046 incidat:
1210 1001 1333 1063 quod
1353 1000 1450 1048 fieri

161 1089 252 1119 non
269 1071 328 1119 est
346 1070 625 1118 necessarium
637 1107 649 1129 ‚
671 1071 742 1118 sed
760 1072 914 1134 potest.

226 1145 396 1190 XXIV.
416 1142 532 1189 Vide
552 1159 605 1188 ne
632 1142 722 1190 hoc
752 1144 890 1208 magis
918 1144 1069 1192 deceat
1102 1144 1448 1208 magnitudinem

163 1216 332 1274 mundi,
354 1228 401 1262 ut
420 1215 465 1260 in
485 1215 618 1262 multa
633 1215 787 1262 itinera
809 1215 970 1264 divisus
991 1215 1039 1261 fit
1060 1233 1070 1260 :
1091 1232 1171 1268 nec
1189 1217 1300 1262 hanc
1313 1234 1447 1262 unam

163 1293 330 1339 deterat
364 1290 559 1337 semitam
574 1326 589 1349 ‚
627 1290 800 1337 certeris
837 1290 1031 1352 partibus
1068 1303 1254 1352 torpeat.
1291 1291 1448 1338 Credis

165 1377 309 1410 autem
329 1365 375 1410 in
395 1364 481 1410 hoc
500 1363 695 1409 maximo
721 1375 763 1410 et
782 1363 1080 1426 pulcherrimo
1100 1380 1313 1425 corpore,
1334 1364 1449 1411 inter

166 1436 502 1484 innumerabiles
539 1436 678 1483 stellas
696 1473 712 1494 ,
757 1452 868 1500 quae
906 1437 1079 1483 noctem
1121 1437 1280 1484 decore
1317 1438 1448 1484 vario

167 1509 455 1572 distinguunt,
471 1526 582 1573 quae
594 1511 690 1556 ae'ra
701 1509 883 1556 minime
897 1525 1088 1556 vacuum
1107 1521 1148 1555 et
1167 1509 1349 1557 inertem
1367 1511 1451 1559 effe

168 1583 392 1645 patiuntur
404 1621 416 1641 ‚
427 1583 618 1646 quinque
632 1583 737 1629 solas
748 1582 832 1628 effe
843 1618 856 1641 ‚
869 1582 1026 1645 quibus
1039 1599 1239 1630 exercere
1254 1584 1292 1631 se
1303 1585 1452 1642 liceat,

169 1667 330 1702 ceteras
350 1655 457 1703 stare
472 1691 486 1714 ‚
516 1654 650 1702 fixum
668 1669 710 1702 et
728 1656 1003 1702 immobilem
1025 1657 1237 1718 populum
1258 1657 1275 1703 ?
1295 1658 1339 1704 Si
1355 1660 1454 1722 quis

168 1727 380 1775 hocloco
398 1746 468 1776 me
485 1728 849 1791 interrogaverit:
874 1730 1025 1789 Quare
1053 1746 1161 1792 ergo
1182 1746 1273 1776 non
1296 1748 1452 1794 quem-

169 1801 412 1848 admodum
437 1801 630 1865 quinque
650 1801 865 1848 stellarum
881 1837 894 1860 ,
920 1801 978 1848 ita
1012 1803 1166 1858 harum
1197 1802 1454 1852 observatus

171 1872 234 1920 est
264 1873 410 1920 cursus
431 1873 448 1920 ?
471 1873 587 1921 Huic
606 1890 692 1937 ego
718 1873 1019 1936 respondebo:
1040 1874 1182 1920 Multa
1208 1874 1306 1920 sunt
1342 1892 1454 1939 quae

172 1945 259 1993 effe
277 1946 586 1993 concedimus:
610 1946 752 2009 qualia
771 1945 852 1993 sint
867 1946 1169 2009 ‚ignoramus
1185 1947 1358 1995 Habere
1373 1966 1457 1997 nos

173 2018 369 2064 animum
383 2054 396 2075 ,
416 2018 539 2066 cuius
559 2019 746 2081 imperio
761 2032 803 2066 et
817 2019 1088 2082 impellimur
1107 2036 1151 2067 et
1167 2037 1456 2081 revocamur,

176 2107 332 2138 omnes
359 2090 631 2138 fatebuntur:
657 2091 762 2156 quid
780 2104 924 2138 tamen
951 2092 999 2138 sit
1018 2093 1187 2140 animus
1214 2094 1284 2141 ille
1312 2095 1457 2144 rector

177 2163 468 2227 dominusque
498 2163 657 2221 nostri,
680 2180 770 2209 non
797 2165 936 2226 magis
958 2163 1037 2210 tibi
1069 2165 1295 2227 quisquam
1324 2183 1457 2229 expe-

177 2236 295 2294 diet,
324 2254 455 2300 quam
485 2237 561 2284 ubi
589 2237 651 2284 fit.
683 2238 801 2283 Alius
826 2237 949 2284 illum
979 2238 1093 2285 dicet
1120 2238 1206 2285 effe
1230 2239 1425 2303 spiritum
1443 2275 1459 2299 ,

178 2309 287 2355 alius
307 2325 569 2357 concentum
588 2311 804 2373 quendam
819 2344 833 2367 ‚
850 2310 954 2357 alius
973 2310 1063 2357 vim
1088 2311 1285 2358 divinam
1309 2325 1351 2361 et
1369 2313 1461 2360 Dei

176 2398 347 2446 partem
361 2419 376 2443 ‚
393 2384 503 2432 alius
520 2381 811 2432 tenuiffimum
831 2383 1000 2445 aerem,
1019 2383 1122 2430 alius
1137 2384 1461 2451 incorporalem
