1730 2870
367 125 624 174 NATUR.
670 124 962 186 QUAEsT.
1008 124 1124 171 ΜΒ,
1159 124 1231 172 111.
1343 139 1427 185 233

169 247 285 288 mus,
306 247 420 280 nunc
436 233 632 295 vulgares
648 249 778 296 aquas
796 233 1110 296 prosequemur
1122 267 1135 290 ‚
1150 244 1238 279 tam
1259 229 1435 294 frigidas

168 322 295 367 quam
328 305 523 353 calentes.
552 308 600 352 In
633 307 789 369 quibus
821 306 1117 370 quaerendum
1149 304 1256 362 erit,
1286 318 1436 350 utrum

166 377 326 422 calidae
344 375 567 423 nascantur
580 411 594 435 ‚
626 394 681 423 an
704 377 820 424 fiant.
856 380 928 425 De
947 378 1101 425 ceteris
1117 393 1294 441 quoque
1311 375 1438 422 diffe-

166 464 331 503 remus,
355 464 458 510 quas
486 449 668 512 insignes
687 462 759 497 aut
775 450 901 511 sapor
914 485 928 507 ,
950 463 1025 495 aut
1041 450 1180 511 aliqua
1199 448 1339 496 reddit
1358 446 1440 493 uti-

164 518 270 564 litas.
303 520 533 578 Quaedam
564 520 678 566 enim
712 520 893 577 oculos,
923 521 1139 582 quaedam
1170 536 1331 566 nervos
1365 519 1438 565 iu-

164 604 266 640 vant
280 627 293 649 ‚
322 596 534 655 quaedam
552 595 789 640 inveterata
810 604 854 639 et
872 594 1092 655 desperata
1110 610 1133 638 a
1153 592 1334 650 medicis
1362 591 1435 639 vi-

162 664 218 710 tia
243 680 483 725 percurant.
510 666 735 725 Quaedam
758 665 988 711 medentur
1020 664 1237 710 ulceribus
1254 699 1267 721 ‚
1300 680 1436 726 quae-

163 736 262 783 dam
283 738 491 784 interiora
510 740 666 784 fovent
687 750 819 800 potu,
847 750 889 783 et
907 737 1126 800 pulmonis
1149 753 1200 783 ac
1220 735 1439 784 viscerum

162 811 356 871 querelas
388 812 548 858 levant.
584 812 814 871 Quaedam
842 809 1117 872 supprimunt
1148 808 1399 871 sanguinem
1425 824 1437 854 :

160 896 246 930 tam
268 885 413 931 varius
432 885 602 947 singulis
629 885 723 931 usus
740 920 753 940 ,
780 901 909 946 quam
934 882 1075 946 gustus
1093 881 1166 927 est.

225 958 273 1002 11.
295 959 380 1002 Aut
398 956 504 1002 stant
525 973 678 1003 omnes
694 973 830 1018 aquae
844 991 858 1013 ‚
875 969 947 1001 aut
966 967 1071 1002 eunt
1089 987 1102 1008 ,
1121 969 1196 999 aut
1219 951 1438 1015 colligun-
1481 1016 1484 1020 .

161 1040 255 1084 tur,
276 1041 348 1074 aut
370 1028 509 1074 varias
533 1028 694 1074 habent
722 1045 865 1075 venas.
889 1027 1006 1075 Aliae
1026 1027 1122 1073 sunt
1145 1025 1293 1072 dulces
1302 1059 1316 1080 ,
1333 1025 1439 1071 aliae

160 1100 306 1146 variae
329 1117 338 1143 :
366 1098 538 1160 asperae
561 1100 725 1162 quippe
750 1099 1074 1154 interveniunt,
1099 1097 1224 1144 salsae
1240 1112 1437 1143 amarae-

157 1188 242 1232 que
269 1185 339 1216 aut
371 1172 608 1218 medicatae
630 1189 640 1217 :
670 1189 723 1218 ex
743 1172 899 1235 quibus
923 1171 1188 1234 sulphuratas
1218 1170 1403 1216 dicimus
1422 1205 1438 1227 ,

157 1242 357 1297 ferratas,
373 1242 642 1289 aluminosas.
663 1245 831 1290 Iudicat
849 1243 942 1290 vim
961 1243 1101 1305 sapor.
1120 1243 1291 1289 Habent
1314 1258 1439 1304 prae-

157 1329 274 1362 terea
296 1317 428 1362 multa
448 1315 709 1363 discrimina.
740 1316 938 1371 Primum
956 1316 1089 1362 taetus
1106 1333 1116 1363 :
1136 1314 1315 1378 frigidae
1338 1314 1440 1361 cali-

157 1389 322 1452 daeque
341 1391 451 1437 sunt.
477 1389 635 1437 deinde
666 1389 900 1453 ponderis:
925 1389 1043 1437 leves
1074 1402 1116 1436 et
1144 1405 1298 1453 graves
1328 1387 1438 1435 sunt.

157 1462 313 1509 deinde
345 1463 535 1509 coloris:
570 1479 698 1524 purae
727 1461 824 1508 sunt
855 1473 897 1507 et
926 1461 1152 1518 turbidae,
1186 1459 1403 1507 caeruleae
1422 1495 1437 1516 ,

158 1535 338 1582 lucidae.
359 1535 513 1581 deinde
531 1533 782 1580 salubritatis
801 1552 811 1579 :
836 1533 932 1579 sunt
949 1531 1066 1579 enim
1087 1533 1274 1580 salubres
1287 1544 1330 1579 et
1348 1532 1436 1580 uti-

156 1608 242 1664 les,
276 1608 370 1653 sunt
389 1607 665 1665 mortiferae,
687 1607 781 1652 sunt
805 1623 916 1669 quae
941 1618 1152 1669 cogantur
1169 1607 1214 1653 in
1233 1606 1437 1668 lapidem.

155 1680 384 1738 Quaedam
397 1693 548 1726 tenues
561 1715 574 1736 ,
597 1680 809 1742 quaedam
831 1679 1040 1742 pingues:
1060 1679 1273 1744 quaedam
1293 1679 1436 1736 alunt,

156 1752 366 1814 quaedam
396 1750 481 1798 fine
508 1751 591 1796 ulla
615 1749 800 1797 bibentis
824 1767 912 1813 ope
939 1752 1183 1812 transeunt,
1219 1751 1436 1815 quaedam

154 1823 327 1869 haustae
347 1822 689 1870 foecunditatem
707 1822 904 1870 afferunt.

218 1899 289 1944 111.
315 1899 377 1944 Ut
396 1895 475 1945 stet
493 1912 728 1960 aquasaut
744 1895 875 1954 fluat,
906 1897 996 1946 loci
1017 1897 1176 1962 pofitio
1202 1897 1362 1945 efficit:
1387 1896 1434 1944 in

155 1971 328 2018 devexo
357 1970 474 2026 fluit,
507 1970 552 2016 in
579 1970 710 2034 plano
731 1971 980 2019 continetur
1005 1984 1049 2018 et
1068 1971 1258 2035 stagnat,
1293 1983 1335 2018 et
1354 1971 1434 2017 ali-

154 2043 331 2105 quando
347 2042 390 2089 in
408 2043 636 2090 adversum
658 2045 809 2107 spiritu
828 2045 1063 2108 impellitur
1085 2062 1096 2090 ε
1117 2057 1223 2093 tunc
1243 2046 1433 2108 cogitur,

154 2132 245 2161 non
266 2113 374 2161 fluit.
400 2116 634 2179 Colligitur
649 2133 700 2163 ex
720 2117 956 2166 imbribus:
979 2136 1031 2166 ex
1049 2119 1126 2166 suo
1143 2118 1268 2166 fonte
1287 2117 1433 2166 nativa

154 2186 227 2234 est.
254 2187 380 2234 Nihil
403 2200 548 2236 tamen
568 2190 801 2252 prohibet,
832 2193 990 2239 eodem
1021 2192 1124 2239 loco
1149 2209 1307 2256 aquam
1337 2193 1434 2240 col-

125 2260 248 2323 ⁷ligi,
283 2275 326 2308 et
358 2261 498 2308 nasci:
532 2263 652 2325 quod
682 2263 726 2309 in
759 2264 927 2312 Fucino
961 2265 1189 2323 videmus,
1220 2264 1264 2312 in
1297 2283 1430 2329 quem

154 2334 319 2381 montis
349 2335 619 2382 circumieffi
643 2335 769 2383 fluvii
793 2338 1059 2385 derivantur.
1090 2339 1171 2385 Sed
1191 2350 1234 2386 et
1253 2356 1432 2402 magnae

152 2406 413 2473 latentesque
450 2409 496 2455 in
540 2409 635 2472 ipso
676 2411 816 2457 undae
850 2411 960 2459 sunt.
987 2411 1133 2476 itaque
1170 2413 1301 2461 etiam
1330 2430 1432 2462 cum
