1730 2870
376 113 635 160 NATUR.
669 86 963 175 QUAEST.
1008 117 1134 167 Lm..
1166 120 1266 166 vu..
1361 123 1452 182 36³

187 222 406 286 superiora
421 223 536 270 nisus
545 222 604 270 est
618 237 786 271 :tamen
802 223 1034 273 deficiente
1052 224 1229 273 materia
1243 226 1462 273 retroiens

186 297 276 359 ipse
294 297 523 344 descendit.
542 300 592 346 1n.
608 299 707 344 aere
721 315 900 362 quoque
919 315 1011 346 non
1026 301 1249 346 dexteram
1264 298 1460 345 laevam-

186 385 272 430 que
291 367 446 430 premit
469 383 650 430 partem.
670 370 804 416 Nulla·
826 372 944 417 enim
975 371 1034 417 illi
1062 372 1138 418 via·
1160 370 1223 418 est
1241 388 1255 416 :-
1272 371 1344 418 sed
1375 386 1461 433 qua

185 439 305 486 illum
323 457 439 488 vena
462 441 605 501 pabuli
622 441 684 488 sui
712 442 837 488 duxit
852 477 871 498 2
899 442 981 488 illo
1005 443 1148 506 repit,
1173 460 1254 491 nec
1271 454 1318 489 ut
1345 441 1467 488 stella

186 512 420 574 procedit,
451 513 522 559 sed
547 526 595 560 ut
612 514 724 577 ignis
741 515 942 577 pascitur..
965 517 1118 576 Quare
1134 531 1243 579 ergo
1259 531 1337 578 per
1360 515 1460 560 lon-

186 600 287 646 gum
307 599 484 648 tempus
511 601 708 648 apparet,
738 599 782 633 et
809 603 900 633 non
921 587 1011 633 cito
1036 587 1317 651 exstinguitur
1337 586 1355 632 ?
1379 587 1467 634 Sex

185 656 300 701 enim
336 657 551 703 menfibus
576 657 684 713 hic,
714 675 847 721 quem
877 675 963 705 nos¹
992 659 1185 705 Neronis
1220 658 1465 720 principatu

183 727 413 776 laetiffimo
430 729 645 788 vidimus,
667 731 944 793 speclandum
961 731 1004 777 se
1013 731 1231 793 praebuit,
1251 731 1296 776 in
1313 731 1465 776 diver-

184 799 276 845 sum
296 799 357 845 illi
386 799 630 846 Claudiano
651 800 955 848 circumachrs.
983 801 1057 847 Ille
1088 802 1203 848 enim
1223 818 1248 847 a
1265 803 1464 863 Septem-

184 870 329 916 trione
360 869 406 915 in
433 871 652 916 verticem
677 872 879 934 surgens,
898 871 1128 918 Orientem
1155 872 1278 934 petiit
1295 872 1471 934 semper·¹

184 942 417 990 obscurior
437 961 447 989 :
474 943 546 990 hic
564 944 620 991 ab
646 945 797 991 eadem
820 957 943 1007 parte
959 946 1111 1009 coepit
1129 977 1145 1001 ς,
1169 946 1306 992 sedin
1325 945 1464 992 Occi·

183 1019 360 1064 dentem
373 1018 579 1076 tendens,
605 1018 659 1064 ad
677 1018 904 1066 meridiem
927 1018 1051 1066 flexit
1065 1056 1077 1077 ,
1098 1031 1141 1066 et
1158 1019 1220 1066 ibi
1239 1020 1281 1066 se
1300 1019 1465 1065 subdu--

183 1089 246 1134 xit
266 1091 422 1138 oculis.
445 1090 665 1137 Videlicet
681 1091 751 1137 ille
768 1091 1014 1137 humidiora
1040 1092 1189 1138 habuit
1202 1127 1215 1149 ‚
1235 1104 1279 1137 et
1296 1092 1466 1153 aptiora

183 1161 380 1223 ignibus,
410 1179 520 1228 quae
538 1161 793 1224 prosecutus
809 1161 895 1208 est:
917 1163 1018 1210 huic
1036 1163 1179 1210 rursus
1189 1163 1366 1209 uberior
1385 1163 1467 1209 fuit

184 1250 228 1280 et
260 1235 432 1297 plenior
450 1234 587 1297 regio.
622 1235 721 1279 Huc
760 1234 907 1297 itaque
935 1235 1225 1292 descendunt,
1253 1235 1468 1282 invitante

182 1307 360 1352 materia
383 1338 403 1360 ,γ
433 1322 523 1351 non
554 1304 723 1350 itinere.
751 1306 889 1363 Quod
920 1318 1098 1368 apparet
1128 1306 1329 1362 duobus,
1357 1322 1468 1368 quos

180 1379 494 1441 speclavimus,
526 1377 651 1423 fuiss'e
686 1378 906 1424 diversum
928 1397 939 1425 :
974 1396 1072 1426 cum
1093 1379 1164 1426 hic
1182 1379 1226 1425 in
1264 1379 1463 1425 dextrum

184 1465 331 1498 motus
351 1452 400 1497 fit
414 1487 427 1509 ,
449 1451 519 1496 ille
546 1450 591 1495 in
610 1450 837 1496 finistrum.
856 1451 1078 1497 Omnibus
1107 1463 1250 1497 autem
1273 1451 1398 1497 stellis
1419 1452 1465 1496 in

181 1523 363 1568 eandem
384 1534 552 1583 partem
579 1522 727 1568 cursus
740 1521 821 1577 est,
846 1522 891 1567 id
913 1522 996 1579 est,
1022 1524 1265 1569 contrarius
1280 1525 1463 1569 mundo.

181 1593 267 1640 Hic
283 1592 400 1638 enim
419 1593 473 1638 ab
487 1603 590 1638 ortu
609 1591 806 1638 volvitur
823 1592 865 1636 in
881 1591 1108 1648 occasum3
1125 1592 1219 1637 illae
1236 1594 1290 1638 ab
1308 1594 1464 1639 occasu

181 1668 227 1713 in
249 1680 397 1712 ortum
422 1677 538 1712 eunt.
557 1667 610 1710 Et
639 1665 702 1710 ob
719 1665 806 1710 hoc
827 1665 985 1726 duplex
1018 1665 1084 1714 his
1116 1676 1264 1711 motus
1285 1664 1372 1711 est:
1393 1666 1463 1713 ille

182 1756 274 1802 quo
292 1750 424 1791 eunt,
448 1752 491 1783 er
514 1737 586 1783 hic
604 1753 696 1798 quo
715 1736 986 1784 auferuntur.

247 1810 394 1855 XXII.
417 1811 510 1872 Ego
526 1808 684 1855 nostris
703 1825 794 1854 non
810 1808 1029 1854 assentior.
1048 1809 1151 1855 Non
1175 1809 1292 1856 enim
1313 1809 1465 1857 existi-

180 1897 258 1927 mo
278 1881 497 1927 Cometen
531 1881 800 1927 subitaneum
831 1880 1010 1944 ignem,
1045 1882 1118 1928 sed
1147 1881 1259 1928 inter
1287 1898 1463 1929 aeterna

180 1969 317 2014 opera
333 1965 524 1998 naturae.
548 1952 741 1998 Primum
762 1969 1052 2016 quaecunque
1066 1954 1139 1999 ae‘r
1158 1966 1294 2011 creat,
1308 1956 1459 2002 brevia

180 2027 290 2072 sunt.
321 2025 565 2071 Nascuntur
594 2026 711 2071 enim
737 2027 780 2071 in
798 2042 845 2072 re
865 2026 1007 2089 fugaci
1026 2040 1068 2072 et
1088 2028 1294 2074 mutabili.
1329 2030 1459 2088 Quo-

181 2099 322 2145 modo
342 2098 484 2161 potest
511 2098 629 2144 enim
663 2099 706 2144 in
731 2100 829 2145 aere
854 2100 1019 2161 aliquid
1042 2100 1158 2150 idem
1186 2101 1259 2146 diu
1280 2119 1456 2164 perma-

182 2188 285 2218 nere
306 2207 320 2230 ‚
358 2167 458 2218 cum
491 2172 579 2234 ipse
614 2173 687 2218 ae'r
723 2189 945 2235 nunquam
971 2173 1086 2218 idem
1117 2176 1318 2221 maneat?
1357 2175 1456 2223 fluit

182 2246 348 2306 semper
366 2280 381 2301 ,
410 2256 452 2290 et
470 2243 614 2290 brevis
642 2244 703 2289 illi
735 2245 856 2305 quies
890 2246 964 2290 est.
988 2248 1101 2291 Intra
1133 2247 1335 2309 exiguum
1357 2264 1457 2293 mo·-

182 2330 378 2363 mentum
399 2315 442 2360 in
461 2315 590 2362 alium
607 2349 620 2370 ‚
642 2333 772 2379 quam
794 2317 836 2361 in
857 2334 946 2379 quo
966 2317 1133 2375 fuerat,
1158 2320 1306 2365 statum
1324 2320 1458 2365 verri-

182 2403 262 2441 tur.
281 2389 410 2436 Nunc
428 2389 628 2453 pluvius,
655 2406 768 2438 nunc
802 2390 994 2449 serenus,
1022 2408 1136 2441 nunc,
1154 2391 1264 2440 inter
1289 2408 1456 2440 utrum-
