1730 2870
351 128 611 178 NATUR.
649 91 951 190 *QUAEST
1001 130 1115 175 ΗΒ.
1148 129 1224 176 1v.
1329 145 1414 194 271

148 250 226 284 ves
244 236 437 293 emollit,
471 249 576 297 quas
599 245 696 278 ante
719 232 940 279 consumit
955 263 970 288 ,
996 248 1128 295 quam
1162 231 1424 279 intumesce-

148 324 198 355 re
244 308 370 354 Nilus
398 306 592 368 incipiat.
625 305 817 368 Reliquo
850 321 962 353 vero
1000 304 1163 351 aestatis
1190 305 1426 364 minuitur,

150 394 194 427 et
226 381 279 426 ad
310 379 536 425 hibernam
569 377 910 441 magnitudinem
944 376 1058 424 redit
1083 411 1098 434 ‚
1132 387 1262 440 atque
1295 392 1349 424 ex
1379 393 1431 424 ea

145 451 386 514 dimittitur.

214 528 262 569 ΙΙ.
278 528 334 569 At
352 522 476 569 Nilus
490 526 594 570 'ante
610 534 813 569 exortum
828 520 1063 568 Caniculae
1080 533 1259 584 augetur
1273 522 1428 571 mediis

151 595 354 653 aestibus,
373 595 481 641 ultra
500 593 840 658 aequinoctium.
856 594 987 640 Hunc
1007 593 1318 641 nobilissimum
1335 613 1426 641 am-

151 685 252 715 nem
276 682 428 715 natura
449 669 601 715 extulit
619 679 715 714 ante
734 667 912 714 humani
927 667 1094 730 generis
1113 669 1288 727 oculos,
1309 684 1350 717 et
1369 670 1429 717 ita

152 742 362 804 disposuit
377 774 392 797 ‚
419 754 468 788 ut
483 757 539 788 eo
558 747 759 804 tempore
785 740 1013 788 inundare·
1036 745 1315 805 Aegyptum,
1337 761 1429 808 quo

152 814 343 862 maxime
363 811 451 860 usta
483 814 734 862 fervoribus
760 827 873 861 terra
893 815 1053 861 undam
1073 815 1195 862 altius
1214 817 1400 864 traheret
1414 854 1429 875 ,

152 902 318 935 tantum
350 889 559 946 hausura,
590 902 802 952 quantum
831 887 1008 936 siccitati
1038 905 1206 936 annuae
1235 890 1429 940 sufficere

153 960 296 1022 poffit.
327 962 440 1006 Nam
461 960 507 1005 in
532 976 579 1005 ea
600 971 718 1022 parte
732 996 745 1019 ‚
765 977 876 1023 quae
894 961 939 1007 in
958 961 1237 1024 Aethiopiam
1258 965 1429 1027 vergit,

154 1047 228 1079 aut
247 1034 350 1079 nulli
376 1034 536 1081 imbres
563 1033 659 1081 sunt
674 1070 687 1090 ‚
705 1048 777 1081 aut
793 1035 906 1092 rari,
926 1048 969 1082 et
988 1036 1061 1100 qui
1079 1035 1288 1083 insuetam
1307 1041 1429 1101 aquis

155 1105 412 1151 coelestibus
442 1121 601 1151 terram
638 1121 728 1151 non
762 1106 983 1154 adiuvent.
1014 1109 1158 1153 Unam
1178 1143 1192 1165 ‚
1228 1120 1278 1154 ut
1311 1110 1391 1156 scis
1415 1145 1432 1168 ‚

155 1181 380 1239 Aegyptus
406 1175 451 1221 in
480 1175 567 1223 hoc
586 1175 706 1238 spem
727 1176 843 1223 suam
875 1177 1013 1224 habet.
1039 1178 1229 1225 Proinde
1255 1191 1329 1226 aut
1348 1179 1431 1225 ste-

155 1248 245 1295 rilis
272 1265 430 1303 annus,
453 1265 527 1296 aut
548 1249 699 1297 fertilis
725 1249 808 1306 est,
833 1262 967 1312 prout
994 1250 1063 1296 ille
1091 1267 1270 1313 magnus
1300 1251 1430 1298 insiu-

156 1319 249 1374 xit‚
286 1330 360 1365 aut
389 1319 572 1380 parcior.
604 1321 752 1365 Nemo
779 1333 1000 1366 aratorum
1033 1320 1216 1383 adspicit
1246 1323 1435 1370 coelum.

157 1395 306 1452 Quare
336 1410 427 1439 non
447 1409 547 1440 cum
580 1394 711 1455 po'e'ta
737 1410 840 1441 meo
865 1393 1019 1450 iocor,
1050 1406 1093 1442 et
1122 1395 1183 1442 illi
1210 1397 1430 1446 Ovidium

157 1466 282 1514 suum
310 1466 538 1529 impingo?
560 1466 635 1530 qui
656 1468 716 1515 ait
735 1485 746 1514 :

401 1574 489 1617 Nec
497 1574 644 1633 pluvio
649 1573 865 1633 supplicat
882 1575 997 1618 herba
1020 1575 1097 1619 Iov
1105 1575 1134 1619 i.

146 1680 291 1744 ¹Unde
310 1680 499 1727 crescere
517 1679 693 1742 incipiat
710 1678 740 1725 fi
759 1676 1074 1740 comprehendi
1094 1678 1260 1741 posset,
1287 1678 1436 1727 causae

159 1768 340 1814 quoque
357 1752 612 1798 incrementi
635 1752 948 1798 invenirentur.
980 1752 1113 1797 Nunc
1132 1768 1240 1798 vero
1260 1768 1437 1814 magnas

158 1824 411 1871 solitudines
431 1837 691 1887 pervagatus
707 1856 721 1877 ‚
750 1835 793 1870 et
814 1824 858 1868 in
879 1824 1054 1885 paludes
1074 1823 1247 1870 diffusus
1262 1861 1274 1883 ‚
1297 1825 1438 1887 genti-

160 1896 241 1942 bus
258 1895 418 1957 sparsus
432 1932 445 1949 ,
467 1895 579 1942 circa
608 1895 747 1942 Philas
775 1896 967 1957 primum
989 1911 1041 1941 ex
1062 1912 1177 1958 vago
1205 1908 1247 1941 et
1267 1910 1439 1942 errante

161 1968 390 2031 colligitur.
419 1967 563 2014 Philae
588 1968 723 2014 insula
753 1967 813 2013 est
844 1968 989 2029 aspera
1020 1982 1064 2013 et
1094 1967 1288 2030 undique
1317 1984 1441 2029 prae-

162 2052 319 2101 rupta:
353 2039 523 2085 duobus
556 2039 600 2084 in
625 2056 758 2086 unum
785 2038 968 2086 coituris
995 2037 1195 2084 amnibus
1223 2039 1442 2100 cingitur,

163 2112 239 2173 qui
257 2110 360 2156 Nilo
383 2124 601 2156 mutantur
614 2144 627 2166 ‚
645 2127 687 2156 et
706 2110 796 2156 eius
821 2126 983 2155 nomen
1002 2109 1161 2155 ferunt.
1179 2110 1344 2155 Urbem
1365 2124 1441 2155 to-

162 2198 253 2231 tam
283 2184 598 2245 complectitur.
628 2184 755 2228 Han'c
784 2183 907 2229 Nilus
928 2198 1110 2243 magnus
1141 2183 1279 2243 magis
1307 2198 1442 2243 quam

165 2257 408 2313 violentus,
436 2257 624 2319 egi-effus
650 2256 930 2317 Aethiopiam
953 2254 1215 2315 arenasque,
1241 2270 1319 2315 per
1336 2270 1443 2312 quas

165 2328 247 2374 iter
270 2328 323 2373 ad
345 2327 610 2374 commercia
629 2327 764 2373 Indici
784 2326 914 2372 maris
932 2325 991 2370 est
1006 2357 1021 2379 ‚
1054 2323 1324 2386 praelabitur.
1352 2326 1442 2380 Ex*

168 2400 336 2463 cipiunt
356 2417 454 2447 eum
477 2400 709 2447 cataractae
728 2434 742 2458 ,
760 2398 917 2445 nobilis
937 2396 1092 2460 insigni
1109 2397 1350 2458 speciaculo
1371 2398 1442 2451 102
