1730 2870
235 163 290 222 58
372 136 375 137 ⁷
455 166 505 212 L.
555 164 846 213 ANNAEI
894 167 1247 217 SENECAE

232 269 348 314 Cum
375 285 487 316 vero
519 271 831 317 commendare
865 285 1164 335 paupertatem
1200 286 1441 338 coeperat,
1468 287 1513 324 et

231 342 461 389 ostendere
478 376 492 398 ‚
517 361 646 406 quam
673 345 886 408 quidquid
904 347 1027 393 usum
1055 349 1315 407 excederet,
1338 350 1515 410 pondus

229 414 336 462 ess‘et
367 414 686 478 supervacuum
719 428 762 462 et
791 433 923 479 grave
953 417 1112 468 ferenti
1143 437 1154 467 ε
1188 420 1310 483 saepe
1339 419 1458 469 exire
1487 438 1514 468 e

229 488 374 536 schola
407 490 585 553 pauperi
614 491 749 537 libuit.
779 492 892 536 Cum
927 508 1131 555 coeperat
1152 497 1398 556 voluptates
1429 511 1514 540 no-

228 558 332 606 stras
350 561 598 618 traducere,
618 561 789 607 laudare
805 560 966 608 castum
985 580 1168 626 corpus,
1186 565 1371 610 sobriam
1395 582 1514 612 men-

230 629 318 677 sam
333 667 345 688 ,
380 649 530 694 puram
552 645 742 680 mentem
761 669 773 690 ‚
801 631 890 679 non
912 646 1078 680 tantum
1100 636 1153 681 ab
1172 635 1331 698 illicitis
1353 635 1515 699 volup-

229 701 388 748 tatibus
406 739 419 760 ,
447 702 518 749 sed
546 704 674 750 etiam
708 703 1014 766 supervacuis:
1053 704 1214 751 libebat
1243 706 1516 753 circumscri-

230 771 333 819 bere
352 773 500 836 gulam
526 790 569 821 et
588 788 803 822 ventrem.
824 774 923 819 lude
952 774 1059 819 milii
1079 777 1286 836 quaedam
1309 794 1515 838 perman-

228 844 321 893 sere
339 879 353 901 ,
372 847 524 894 Lucilss.
546 851 710 911 Magno
729 847 845 894 enim
870 849 911 892 in
929 847 1075 893 omnia
1094 848 1259 909 impetu
1281 865 1513 895 veneram:

231 922 389 967 deinde
414 923 469 968 ad
491 922 681 970 civitatis
706 923 842 970 vitam
870 923 1096 979 reduetus,
1126 939 1178 967 ex
1206 924 1313 968 bene
1347 923 1516 985 coeptis

228 1000 372 1058 pauca
395 994 579 1041 servavi.
607 996 709 1042 Iside
734 994 884 1041 ostreis
906 994 1148 1057 boletisque
1173 994 1217 1039 in
1243 1010 1423 1039 omnem
1446 994 1516 1040 vi-

233 1081 318 1114 tam
336 1068 631 1115 renuntiatum
649 1067 721 1113 est.
747 1068 867 1113 Haec
888 1066 1002 1112 enim
1021 1082 1111 1112 non
1134 1066 1219 1113 cibi
1236 1102 1248 1123 ‚
1271 1066 1341 1112 sed
1361 1066 1515 1112 oblec-

234 1151 427 1186 tamenta
449 1140 576 1197 sunt,
613 1141 665 1186 ad
684 1140 900 1186 edendum
917 1140 1085 1186 saturos
1116 1139 1318 1201 cogentia
1348 1156 1360 1184 ε
1394 1138 1516 1202 quod

232 1211 514 1274 gratissimum
544 1212 604 1257 est
637 1211 866 1266 edacibus,
892 1227 934 1257 et
964 1211 1005 1256 se
1035 1210 1143 1256 ultra
1172 1227 1303 1272 quam
1337 1210 1516 1272 capiunt

232 1285 519 1333 sarcientibus
535 1321 547 1342 ,
576 1284 700 1331 facile
732 1284 983 1330 descensura
999 1319 1011 1340 ,
1037 1283 1159 1329 facile
1180 1283 1381 1330 reditura.
1413 1283 1517 1329 Inde

232 1358 279 1404 in
315 1374 496 1404 omnem
538 1358 674 1404 vitam
710 1369 935 1421 unguento
975 1356 1237 1403 abstinemus
1265 1373 1276 1401 :
1305 1354 1517 1417 quoniam

233 1430 431 1492 optimus
457 1430 574 1476 odor
602 1429 647 1475 in
676 1445 868 1490 corpore
899 1426 959 1475 cst
990 1427 1141 1473 nullus.
1181 1426 1282 1473 [nde
1313 1426 1421 1472 vino
1447 1442 1518 1472 ca-

231 1516 300 1549 ret
323 1502 572 1549 stomachus
594 1520 604 1548 :
625 1503 728 1548 inde
755 1501 800 1548 in
820 1518 1000 1548 omnem
1023 1501 1156 1546 vitam
1177 1500 1377 1545 balneum
1397 1498 1516 1562 fugi-

233 1592 346 1622 mus.
376 1576 644 1638 Decoquere
666 1590 850 1637 corpus,
873 1588 1003 1637 atque
1020 1573 1241 1620 exinanire
1263 1572 1517 1630 sudoribus,

231 1649 385 1698 inutile
406 1649 530 1696 simul
552 1648 1127 1711 delicatumque'cred}mus.
1148 1648 1303 1693 Cetera
1324 1646 1516 1708 proieEla

232 1724 456 1771 redierunt
476 1722 557 1768 :ita
575 1735 720 1768 tamen
735 1757 748 1779 ,
769 1733 846 1777 ut,
862 1737 1050 1783 quorum
1071 1719 1364 1769 abstinentiam
1383 1719 1518 1765 inter-

232 1796 358 1858 rupi,
386 1796 571 1842 modum
592 1795 761 1841 servem
779 1827 792 1847 ‚
813 1808 854 1840 et
874 1794 1051 1857 quidem
1067 1792 1344 1839 abstinentiae
1363 1791 1520 1854 proxi-

231 1868 433 1915 miorem.
449 1867 595 1914 nescio
612 1884 666 1912 an
681 1865 969 1914 difficiliorem
983 1863 1213 1926 :quoniam
1228 1864 1438 1926 quaedam
1450 1863 1519 1908 ab·

233 1942 488 1990 scinduntur
507 1940 676 1988 facilius
703 1939 852 1987 animo
867 1976 883 1996 ,
903 1955 1031 2001 quam
1053 1948 1362 1999 temperantur.
1384 1938 1518 1996 Quo-

232 2015 350 2061 niam
367 2014 495 2076 coepi
509 2013 590 2061 tibi
608 2028 830 2076 exponere
842 2047 857 2069 ‚
875 2025 1084 2074 quantum
1103 2008 1260 2055 maiori
1277 2009 1441 2071 impetu
1462 2008 1518 2055 ad

233 2081 561 2151 philosophiam
589 2086 759 2133 iuvenis
785 2083 1059 2137 accesserim,
1095 2099 1227 2145 quam
1259 2080 1386 2127 senex
1416 2098 1516 2144 per-

232 2178 332 2225 gam
347 2198 360 2220 ‚
380 2178 472 2208 non
491 2161 672 2224 pudebit
692 2159 839 2217 fateri,
861 2176 993 2222 quem
1016 2158 1121 2204 mihi
1142 2172 1337 2204 amorem
1358 2157 1516 2220 Pytha-

230 2251 367 2298 gorae
384 2233 577 2280 iniecerit
591 2233 760 2280 Sotiom
778 2233 1004 2289 Docebat,
1026 2247 1157 2295 quare
1175 2229 1244 2275 ille
1263 2229 1518 2275 animalibus

233 2306 525 2364 abstinuisset,
554 2323 686 2370 quare
715 2305 863 2370 postea
889 2305 1068 2351 Sextius.
1094 2302 1322 2349 Diffimilis
1344 2302 1517 2365 utrique

234 2380 358 2427 causa
374 2395 486 2436 erat,
502 2380 573 2427 sed
591 2381 768 2444 utrique
787 2378 1027 2444 magnifica.
1043 2379 1127 2424 Hic
1148 2375 1315 2423 homini
1330 2374 1423 2422 satis
1439 2375 1517 2420 ali-

235 2467 489 2504 mentorum
506 2456 613 2505 citra
637 2454 886 2521 sanguinem
903 2452 986 2503 effe
1014 2451 1243 2511 credebat,
1261 2464 1303 2498 et
1324 2447 1513 2504 crudelie,
