1730 2870
171 163 179 175 *
239 147 325 216 '106
447 171 506 217 L.
556 170 867 217 ANNAEI
916 170 1279 219 SENECAE

226 295 322 324 rum
343 279 600 325 recesserunt
621 297 631 324 :
659 278 728 323 sed
754 277 903 325 levant
928 279 1148 337 animum,
1175 291 1217 325 et
1237 279 1292 325 ad
1318 278 1502 341 ipsarum

225 366 333 414 quas
360 352 539 396 traetant
576 367 721 395 rerum
753 352 1097 413 magnitudinem
1129 351 1342 397 attollunt.
1383 351 1502 397 Haec

226 440 336 470 vero
370 425 423 471 de
454 424 609 487 quibus
638 424 771 485 paulo
801 438 899 471 ante
933 425 1161 480 dicebam,
1197 423 1429 479 minuunt,
1461 433 1505 470 et

226 495 502 556 deprimunt,
539 513 619 543 nec
652 510 698 542 ut
727 509 848 558 putas
878 509 1121 554 exacuunt,
1154 496 1224 542 sed
1255 506 1504 542 extenuant.

225 569 424 616 Obsecro
447 586 553 625 vos,
580 586 658 615 cur
681 584 766 616 tam
787 570 1062 617 necessariam
1091 586 1239 616 curam
1262 567 1501 613 maioribus

223 641 564 705 melioribusque
593 641 780 688 debitam
804 678 816 699 ‚
844 643 887 688 in
916 659 961 688 re
993 641 1138 688 nescio
1167 657 1219 685 an
1246 638 1374 695 falsa,
1404 656 1502 686 cer-

224 725 267 758 te
294 713 462 769 inutili,
488 714 701 761 terimus?
738 715 862 774 Quid
890 714 994 760 mihi
1021 713 1301 777 profuturum
1331 712 1390 759 est
1417 711 1512 759 sci!

222 803 294 842 re,
328 802 383 833 an
413 788 529 834 aliud
563 788 610 833 sit
631 787 868 850 sapientia,
905 788 1020 834 aliud
1048 787 1230 849 sapere?
1267 787 1376 849 quid
1394 785 1501 833 mihi

223 861 501 923 profuturum
528 863 588 908 est
608 863 714 910 scire
729 900 741 919 ‚
769 864 875 909 illud
895 864 1064 909 bonum
1085 863 1168 909 effe
1183 898 1195 917 ‚
1222 862 1310 907 hoc
1329 878 1417 907 non
1437 861 1501 907 es-

220 934 298 980 se?
327 935 516 980 Temere
541 952 608 980 me
634 952 778 997 geram
799 972 810 992 ‚
833 936 987 981 subibo
1008 936 1132 981 huius
1157 935 1252 981 voti
1282 934 1432 980 aleam.
1452 932 1499 980 ti·

221 1004 264 1050 bi
297 1006 532 1068 sapientia,
565 1008 671 1053 mihi
708 1007 851 1069 sapere
884 1007 1108 1069 contingat
1139 1024 1148 1051 :
1177 1023 1298 1070 pares
1330 1007 1502 1053 erimus.

220 1079 369 1126 Potius
396 1080 438 1126 id
473 1097 574 1142 age,
597 1071 642 1127 ut
668 1080 776 1126 mihi
807 1080 921 1126 viam
955 1081 1169 1126 monstres
1187 1116 1197 1136 ‚
1233 1096 1316 1141 qua
1343 1080 1396 1124 ad
1425 1078 1502 1125 ista

220 1154 490 1216 perveniam.
521 1154 607 1201 Dic
630 1154 735 1200 mihi
769 1153 874 1217 quid
899 1152 1036 1200 vitare
1061 1153 1268 1209 debeam,
1294 1153 1402 1215 quid
1422 1171 1504 1216 ap·

220 1238 366 1288 perere
394 1245 404 1273 :
437 1227 593 1290 quibus
629 1227 823 1272 animum
857 1227 1073 1274 labantem
1110 1226 1256 1273 studiis
1291 1225 1460 1273 firmem
1489 1243 1502 1274 z

220 1299 595 1361 quemadmodum
614 1317 726 1362 quae
758 1316 826 1345 me
844 1316 897 1345 ex
916 1299 1161 1346 transverso
1181 1298 1322 1345 ferunt
1352 1313 1503 1361 agunt-

220 1388 331 1433 qne,
359 1373 517 1434 procul
549 1390 572 1418 a
594 1390 663 1418 me
694 1372 915 1434 repellam.
952 1374 1202 1440 Quomodo
1231 1390 1308 1435 par
1330 1373 1412 1419 effe
1436 1385 1502 1420 tot

219 1444 341 1490 malis
361 1445 518 1506 poffim
537 1462 547 1490 :
565 1445 801 1507 quomodo
818 1444 912 1491 istas
930 1442 1192 1505 calamitates
1210 1461 1465 1492 removeam
1486 1480 1511 1509 ,ἱ

219 1533 329 1579 quae
348 1517 403 1563 ad
429 1534 498 1563 me
518 1518 769 1579 irruperunt
792 1535 801 1562 :
822 1517 1058 1579 quomodo
1075 1516 1165 1563 illas
1181 1553 1194 1574 ‚
1215 1517 1270 1562 ad
1294 1533 1399 1579 quas
1417 1533 1502 1580 ego

217 1587 368 1650 irrupi.
409 1590 560 1643 Doce,
595 1587 829 1649 quomodo
859 1586 995 1632 seram
1026 1603 1282 1633 aerumnam
1312 1587 1398 1633 fine
1427 1604 1503 1650 ge-

218 1658 326 1704 mitu
354 1677 454 1705 meo
474 1696 486 1715 ,
520 1660 767 1706 felicitatem
804 1659 891 1705 sine
920 1659 1064 1706 alieno
1093 1677 1104 1705 =
1134 1659 1369 1722 quomodo
1400 1660 1503 1707 ulti-

217 1748 337 1777 mum
366 1731 646 1777 necessarium
682 1732 796 1778 vitae
835 1731 1069 1777 terminum
1102 1747 1194 1776 non
1224 1730 1502 1793 exspe&em‚

217 1804 288 1851 sed
318 1803 523 1867 ipsemet,
549 1822 649 1852 cum
679 1804 821 1851 visum
850 1805 961 1859 erit,
980 1803 1242 1867 profugiam.
1269 1803 1390 1849 Nihil
1418 1805 1502 1850 mi-

217 1877 262 1923 hi
294 1878 470 1924 videtur
499 1878 695 1940 turpiu5‚
728 1894 859 1940 quam
895 1891 1049 1938 optare
1081 1891 1285 1923 mortem.
1321 1876 1437 1921 Nam
1471 1874 1500 1921 fi

218 1947 284 1995 vis
314 1949 466 1997 vivere
484 1986 496 2005 ,
520 1951 627 2014 quid
647 1963 775 2014 optas
806 1949 952 1995 mori?
977 1948 1003 1993 fi
1034 1965 1124 1995 non
1150 1949 1239 2005 vis,
1261 1947 1368 2011 quid
1394 1948 1501 1995 deos

217 2039 347 2086 rogas
365 2060 378 2080 ‚
404 2025 527 2088 quod
551 2023 628 2071 tibi
652 2022 843 2069 nascenti
872 2021 1118 2068 dederunt?
1149 2021 1265 2067 Nam
1287 2033 1335 2067 ut
1362 2037 1502 2084 quan-

218 2098 367 2158 doque
399 2097 627 2152 moriaris,
651 2096 777 2142 etiam
806 2095 953 2141 invito
985 2093 1173 2156 positum
1199 2094 1260 2141 est
1291 2111 1302 2141 t
1327 2109 1375 2140 ut
1398 2111 1499 2140 cnm

219 2170 372 2222 voles,
409 2168 453 2214 in
487 2184 560 2214 tua
588 2160 722 2216 ¹manu
755 2167 830 2215 est.
862 2166 1056 2214 Alterum
1094 2167 1175 2213 tibi
1210 2165 1380 2214 neceffe
1407 2165 1500 2223 est,

219 2242 400 2287 alterum
446 2242 561 2288 licet.
606 2241 923 2304 Turpissimum
961 2240 1024 2288 his
1053 2239 1204 2288 diebus
1235 2240 1498 2304 principium

218 2314 364 2361 diserti
393 2315 661 2362 mehercules
690 2315 775 2361 viri
809 2315 923 2379 legi:
955 2317 1036 2373 lta,
1067 2315 1237 2379 inquit,
1273 2314 1499 2377 quampri-

219 2403 338 2433 mum
370 2386 544 2442 moriar.
567 2388 720 2434 Homo
752 2387 952 2444 demens,
985 2400 1111 2450 optas
1144 2403 1235 2434 rem
1267 2400 1401 2434 tuam.
1436 2390 1499 2434 Ita

208 2457 542 2524 'quamprimum
575 2461 753 2508 moriar.
789 2460 981 2509 Fortasse
1009 2462 1122 2511 inter
1148 2461 1223 2508 has
1259 2476 1394 2523 voces
1429 2459 1495 2506 se-
