1730 2870
515 163 1099 212 EPISTOLAE.
1393 164 1456 228 89

169 274 254 321 effe
297 273 569 324 {noemam
610 271 782 317 virilem
822 283 978 333 putant
1020 285 1063 317 et
1100 268 1260 316 fortem
1288 304 1302 324 ,
1343 286 1456 331 quae

168 364 316 392 aurem
342 346 643 408 inaequalitate
670 346 896 407 percutiat.
928 344 1224 404 Quorundam
1260 359 1351 390 non
1388 343 1451 389 est

169 417 436 480 compositio
459 433 470 462 :
493 417 739 464 modulatio
764 417 825 464 est
847 435 857 463 :
880 417 993 464 adeo
1013 416 1258 474 blanditur,
1279 429 1323 463 et
1343 418 1460 460 mo}-

168 491 266 535 liter
284 490 455 536 labitur.
487 490 610 550 Quid
626 491 680 538 de
701 490 769 536 illa
789 490 946 552 loquar
964 525 977 544 ,
996 491 1041 535 in
1062 506 1147 552 qua
1173 490 1308 535 verba
1331 487 1459 536 diffe-

168 576 354 618 runtur,
393 579 437 609 et
463 563 538 609 diu
569 561 814 624 exspectata
842 560 920 607 vix
947 561 1001 606 ad
1027 560 1233 607 clausulas
1262 560 1459 606 reddun-

170 636 274 682 tur?
319 637 444 697 Quid
475 637 529 683 de
561 637 630 683 illa
663 638 707 680 in
736 635 856 682 exitu
890 635 1031 691 lenta,
1063 635 1200 697 qualis
1228 632 1461 681 Ciceronis

171 707 230 752 est
248 743 262 761 ,
300 708 497 763 devexa,
526 723 568 754 et
597 706 786 753 molliter
814 706 1034 761 defluens,
1059 723 1138 753 nec
1169 707 1295 752 aliter
1327 720 1461 768 quam

170 779 309 835 solet,
331 781 386 826 ad
410 797 581 829 morem
610 780 733 826 suum
765 779 1013 842 pedemque
1033 777 1329 841 respondens?
1354 779 1461 823 Non

171 866 338 900 tantum
371 853 416 899 in
441 870 598 916 genere
617 853 923 900 sententiarum
950 853 1104 899 vitium
1127 852 1186 899 est
1208 888 1222 911 ,
1239 853 1269 898 fi
1288 868 1361 898 aut
1380 869 1464 914 pu—

175 926 288 972 filiae
315 927 412 973 sunt
441 940 483 973 et
508 927 718 989 puerileS,
752 938 824 971 aut
854 926 1110 989 improbae,
1142 938 1186 972 et
1214 926 1308 988 plus
1341 925 1464 971 ausae

177 1016 307 1059 quam
329 1001 499 1061 pudore
520 999 641 1046 salvo
668 1000 770 1045 licet
791 1016 803 1046 :
828 998 902 1045 sed
921 999 950 1044 fi
979 998 1163 1045 floridae
1182 998 1303 1056 sunt,
1334 1010 1376 1044 et
1394 998 1464 1043 ni·-

175 1071 257 1116 mis
277 1071 445 1127 dulces,
469 1070 498 1116 fi
520 1070 561 1116 in
584 1087 744 1116 vanum
767 1084 956 1127 exeunt,
979 1085 1021 1118 et
1040 1073 1126 1118 sine
1147 1071 1305 1118 effectu
1322 1108 1335 1127 ,
1360 1072 1466 1117 nihil

177 1142 363 1204 amplius
386 1160 515 1206 quam
543 1141 710 1188 sonant.
741 1143 860 1190 Haec
884 1143 990 1191 vitia
1019 1160 1128 1190 unus
1155 1144 1308 1206 aliquis
1336 1144 1467 1189 indu-

177 1216 264 1270 cit,
295 1216 373 1262 sub
394 1233 486 1279 quo
506 1229 609 1263 tunc
632 1216 881 1275 eloquentia
911 1216 974 1262 est
1005 1234 1016 1262 ε
1048 1215 1182 1263 ceteri
1206 1215 1431 1261 imitantur
1451 1252 1466 1271 ‚

178 1301 220 1333 et
239 1288 344 1333 alter
365 1288 487 1335 alteri
514 1289 702 1334 tradunt.
723 1290 794 1336 Sic
817 1289 1018 1336 Sallustio
1040 1287 1217 1352 vigente
1234 1324 1247 1343 ,
1271 1299 1468 1350 amputa-

176 1375 244 1407 tae
275 1362 533 1419 sententiae,
560 1374 603 1409 et
632 1363 768 1410 verba
792 1376 890 1411 ante
916 1363 1210 1427 exspectatum
1233 1363 1428 1409 cadentia
1450 1398 1463 1419 ‚

176 1449 219 1482 et
246 1437 430 1483 obscura
459 1438 679 1494 brevitas,
714 1438 838 1486 fuere
864 1455 949 1502 pro
969 1439 1101 1486 cultu.
1132 1438 1362 1484 Arruntius
1397 1438 1469 1483 vir

177 1527 299 1557 rarae
320 1510 604 1573 frugalitatis,
634 1513 710 1576 qui
743 1513 942 1560 historias
975 1512 1075 1558 belli
1096 1510 1247 1557 Punici
1272 1509 1467 1572 scripsit,

178 1581 260 1627 fuit
288 1583 586 1642 Sallustianus,
617 1599 660 1632 et
689 1584 733 1630 in
764 1585 869 1631 illud
894 1600 1029 1648 genus
1059 1583 1215 1629 nitens.
1247 1582 1318 1628 Est
1352 1583 1469 1645 apud

179 1656 417 1703 Sallustium
440 1676 450 1703 ε
477 1659 727 1706 Exercitum
750 1672 934 1723 argento
953 1658 1087 1705 fecit:
1109 1658 1153 1704 id
1172 1656 1232 1703 est
1247 1693 1261 1715 ‚
1280 1657 1468 1718 pecunia

178 1729 361 1789 paravit.
395 1729 497 1776 Hoc
530 1729 760 1775 Arruntius
789 1745 934 1776 amare
969 1728 1150 1790 coepit:
1181 1728 1326 1790 posuit
1361 1727 1468 1773 illud

177 1802 384 1849 omnibus
414 1802 597 1866 paginis.
629 1803 753 1850 Dicit
789 1803 981 1865 quodam
1015 1803 1152 1848 loeo:
1182 1804 1344 1863 Fugam
1379 1817 1467 1848 no-

179 1873 272 1921 stris
294 1875 451 1922 fecere.
486 1876 587 1921 Alio
612 1876 749 1924 loco:
774 1877 917 1922 Hiero
950 1877 1045 1921 Rex
1066 1874 1436 1937 Syracusanorum
1454 1909 1469 1931 ‚

180 1948 341 1995 bellum
369 1947 486 1996 facit.
514 1952 567 1996 Et
584 1949 669 1995 alio
696 1949 799 1997 loco
823 1966 833 1994 :
867 1950 998 2008 Quae
1023 1947 1168 1993 audita
1197 1946 1472 1992 Panormita-

181 2039 262 2069 nos
296 2023 451 2070 dedere
481 2024 693 2071 Romanis
728 2023 883 2071 fecere.
917 2021 1103 2070 Gustum
1135 2021 1214 2068 tibi
1248 2022 1349 2067 dare
1382 2037 1470 2068 vo-

179 2095 254 2142 lui.
291 2097 436 2143 Totus
467 2096 533 2143 his
572 2096 820 2143 contexitur
852 2097 976 2143 liber.
1019 2097 1147 2156 Quae
1181 2095 1298 2157 apud
1332 2094 1470 2141 Sallu-

183 2168 308 2214 stium
351 2185 445 2215 rara
487 2169 692 2227 fuerunt,
737 2170 853 2232 apud
898 2171 1014 2217 hunc
1060 2169 1213 2216 crebra
1255 2167 1380 2226 sunt,
1426 2179 1470 2215 et

184 2257 319 2302 paene
360 2241 568 2287 continua
589 2273 603 2297 ‚
641 2258 722 2288 nec
751 2240 838 2288 fine
873 2242 1008 2289 causa.
1034 2240 1104 2287 ille
1131 2241 1249 2288 enim
1286 2241 1330 2286 in
1362 2242 1470 2289 haec

180 2313 399 2360 incidebat
431 2333 442 2361 ε
472 2326 513 2360 at
538 2315 612 2362 hic
638 2314 710 2361 illa
739 2315 990 2377 quaerebat.
1017 2315 1154 2361 Vides
1184 2330 1326 2361 autem
1361 2316 1469 2378 quid

185 2386 385 2449 sequatur
403 2423 417 2446 ,
446 2388 521 2435 ubi
555 2387 684 2436 alicui
704 2387 860 2435 vitium
888 2404 973 2451 pro
998 2388 1205 2451 exemplo
1228 2387 1304 2436 est.
1341 2387 1471 2435 Dixit

186 2459 438 2511 Sallustius:
477 2461 616 2526 Aquis
641 2460 946 2512 hiemantibus.
980 2461 1211 2510 Arruntius
1238 2459 1283 2508 in
1320 2459 1470 2524 primo
