1730 2870
259 191 322 240 92
518 175 567 221 L.
610 174 903 221 ANNAEI
944 174 1291 222 SENECAE

262 296 342 327 mo
369 278 675 326 imbecillum?
707 278 849 324 immo
880 279 1002 340 quod
1034 296 1166 326 nemo
1189 278 1388 326 nostrum
1407 295 1545 327 unum

259 352 346 398 effe
361 352 401 399 se
418 351 580 417 cogitat
597 350 614 396 ?
631 349 820 414 Adspice
841 350 1001 397 culinas
1024 352 1206 410 nostras,
1227 367 1269 399 ct
1284 354 1549 399 concursan-

259 436 323 471 tes
343 426 456 470 inter
475 435 542 469 tot
560 422 680 486 ignes
706 438 879 484 coquos
910 421 1110 470 nostros:
1133 441 1271 470 unum
1301 424 1441 472 videri
1464 442 1550 487 pu-

258 507 321 543 tas
357 509 558 543 ventrem
574 529 587 551 ,
614 494 683 541 cui
709 507 832 540 tanto
858 494 1049 540 tumultu
1077 509 1358 557 compara-tur
1386 497 1508 544 cibus
1527 497 1551 546 ,ἦ

260 568 450 629 Adspice
480 566 695 613 veteraria
726 566 872 612 nostra
892 599 906 622 ‚
935 580 978 614 et
1003 567 1127 629 plena
1153 568 1390 615 multorum
1422 568 1549 616 secu·

262 640 407 687 lorum
443 639 680 687 vindemiis
707 639 902 686 horrea:
936 657 1071 687 unum
1107 655 1230 703 putas
1259 640 1403 688 videri
1437 658 1552 689 ven-

259 722 370 759 trem
386 748 401 769 ,
425 712 495 758 cui
514 723 580 757 tot
603 711 831 758 consulum
858 712 1182 775 regionumque
1213 712 1317 759 vina
1345 714 1547 760 condun-

260 784 359 834 tur?
392 784 576 847 Adspice
608 795 717 846 quot
741 783 851 830 locis
881 796 1079 832 vertatur
1105 795 1249 842 terra,
1279 797 1391 848 quot
1414 786 1549 834 millia

261 859 528 906 colonorum
555 871 707 912 arent,
735 856 906 903 fodiant
928 875 939 904 :
960 873 1096 904 unum
1125 870 1251 919 putas
1276 857 1418 905 videri
1438 875 1550 905 ven-

266 945 379 979 1rcm
399 968 411 989 ,
443 930 516 978 cui
544 942 586 977 et
616 931 661 978 in
686 930 859 986 Sicilia,
890 942 932 977 et
962 930 1007 976 in
1039 929 1189 978 Africa
1222 930 1413 978 seritur?
1452 931 1551 978 Sani

263 1006 449 1064 erimus,
485 1018 528 1052 et
563 1004 740 1052 modica
771 1005 1159 1067 concupiscemus,
1194 1002 1223 1048 fi
1258 1003 1552 1067 unusquisque

263 1080 305 1127 se
335 1091 533 1127 numeret
565 1097 576 1125 :
610 1080 812 1128 metiatur
844 1077 966 1125 simul
1002 1095 1194 1141 corpus,
1229 1077 1441 1141 sciatque,
1473 1094 1553 1125 nec

264 1154 451 1201 multum
484 1170 669 1216 capere,
702 1170 782 1201 nec
815 1153 888 1200 diu
919 1152 1055 1215 poffe.
1093 1152 1212 1198 Nihil
1241 1161 1389 1198 ‘tamen
1414 1167 1554 1214 aeque

263 1226 344 1273 tibi
365 1225 579 1287 profuerit
597 1227 650 1272 ad
668 1225 1004 1289 temperantiam
1020 1225 1220 1271 omnium
1238 1241 1402 1280 rerum,
1420 1241 1554 1286 quam

252 1297 471 1361 'frequens
491 1299 705 1363 cogitatio
724 1298 869 1345 brevis
889 1298 1003 1356 aevi,
1021 1310 1063 1344 et
1082 1297 1207 1344 huius
1226 1296 1395 1345 incerti.
1415 1296 1555 1358 Quid-

262 1373 370 1437 quid
402 1372 562 1432 facies‚
593 1373 757 1436 respice
787 1373 842 1420 ad
870 1386 1073 1421 mortem.

552 1510 1030 1559 EPISTOLA
1110 1508 1286 1555 CXV.

270 1644 429 1687 Contra
458 1640 805 1699 yzimisfirnzonis
825 1656 899 1686 auc
910 1641 1004 1706 stili
1022 1641 1180 1686 anxios
1201 1658 1217 1684 .·
1240 1637 1281 1685 G*
1307 1636 1459 1683 minuti
1480 1637 1554 1683 hcic

331 1715 465 1759 animi
488 1711 572 1775 effi.
607 1715 708 1757 Cum
727 1714 891 1770 fiducia
916 1716 1180 1773 scribendum
1214 1716 1561 1775 loquentiumque,

314 1788 412 1851 sine
437 1788 612 1849 quaefito
639 1804 800 1833 ornatu.
838 1790 971 1849 Quem
998 1791 1045 1834 in
1076 1791 1218 1834 animo
1240 1789 1390 1848 potius
1402 1788 1557 1848 JJveCJa.

333 1863 374 1905 Ο
407 1862 547 1920 qualis
574 1862 640 1905 ille
659 1896 671 1917 ‚
702 1863 771 1906 ubi
811 1865 994 1906 Virtutes
1025 1879 1114 1906 eum
1147 1859 1440 1906 excoluerant!
1465 1880 1560 1908 om-

336 1951 407 1978 ncs
445 1935 490 1977 in
527 1951 704 1978 amorem
736 1935 899 1994 rapiat,
921 1932 965 1996 st
990 1935 1174 1994 conspici
1195 1931 1330 1994 poffic.
1381 1937 1449 1979 At
1483 1951 1560 1979 ex?-

336 2019 475 2049 ternus
495 2006 561 2070 1stv
569 2004 772 2065 splendor
785 2004 928 2066 falsus
945 2039 957 2060 ‚
988 2020 1063 2054 aut
1093 2007 1220 2050 nihili
1245 2005 1297 2068 est
1313 2022 1328 2049 .·
1357 2006 1450 2048 item
1478 2022 1560 2049 au-

339 2096 430 2123 rum
459 2096 577 2122 omne
611 2076 653 2122 ἐξ)
681 2081 862 2139 pecunia
881 2115 893 2136 ,
925 2097 1025 2140 quae
1051 2080 1265 2125 miramur.
1309 2079 1411 2123 Non
1437 2079 1560 2137 filci-

336 2166 415 2197 unc
447 2152 541 2195 lzczec
563 2152 729 2211 felices,
753 2168 828 2200 aut
844 2153 1014 2217 ficuros
1031 2169 1048 2198 .·
1075 2155 1202 2198 immo
1233 2149 1275 2198 G·
1294 2153 1483 2210 micros,
1514 2148 1557 2198 δ’

338 2224 609 2283 mifircmdos.

279 2329 545 2447 NlMls
573 2398 749 2446 anxium
781 2399 866 2448 effe
896 2411 937 2448 te
963 2399 1078 2449 circa
1104 2399 1240 2448 verba
1264 2410 1305 2446 et
1335 2395 1560 2459 compofi-

275 2468 467 2530 tionem,
492 2472 553 2520 mi
576 2472 742 2535 Lucili,
771 2474 882 2523 nolo
905 2491 915 2523 :
935 2474 1081 2523 habco
1109 2472 1277 2521 maiora
1299 2486 1408 2537 quae
1425 2485 1563 2518 cures.
