1730 2870
364 152 625 205 NATUR.
671 154 967 216 QUAEST.
1013 157 1135 202 LIB.
1171 153 1228 203 V.
1357 171 1450 222 307

169 265 330 326 dasque
361 278 518 326 aquas,
555 263 607 308 ad
645 263 823 309 alendos
857 262 1046 309 satorum
1081 275 1210 326 atque
1245 263 1452 312 arborum

169 338 360 384 fruitus:
387 352 502 398 quos
529 335 583 381 ad
610 335 902 381 maturitatem
923 370 936 391 ‚
963 352 1063 382 cum
1091 336 1185 382 aliis
1214 335 1345 383 caufis
1373 337 1453 382 ad-

169 410 288 456 ducit
306 406 394 470 ipsa
417 406 591 453 ia&atio
607 442 620 463 ,
650 407 867 452 attrahens
888 405 1030 452 cibum
1054 406 1097 452 in
1118 407 1304 465 summa,
1336 423 1380 454 et
1403 423 1458 455 ne

171 492 404 542 torpeant,
423 495 623 525 movens.
642 478 779 524 Dedit
798 491 958 524 ventos
977 479 1030 524 ad
1050 479 1254 525 ulteriora
1275 477 1458 526 noscen-

172 553 238 598 da.
258 550 399 598 fuiffet
418 551 534 597 enim
553 550 810 613 imperitum
832 549 1016 607 animal,
1037 562 1079 595 et
1101 551 1186 597 fine
1207 569 1362 614 magna
1379 569 1460 598 ex-

170 624 380 686 perientia
411 641 557 671 rerum
580 624 752 680 homo,
783 623 812 668 fi
841 623 1275 671 circumscriberetur
1307 624 1460 672 natalis

168 696 251 744 soli
276 695 373 742 fine.
393 695 532 742 Dedit
552 707 734 752 ventos,
754 706 802 740 ut
822 696 1061 741 commoda
1082 695 1287 758 cuiusque
1308 697 1459 759 regio-

173 770 242 816 nis
271 768 423 815 fierent
452 767 708 815 communia
730 785 741 814 ε
773 784 863 813 non
890 780 937 813 ut
959 767 1152 830 legiones
1175 769 1461 832 equitemque

170 842 385 906 gestarent
401 877 414 898 ‚
448 859 528 888 nec
551 831 596 887 ut
628 841 872 903 perniciosa
899 842 1100 904 gentibus
1121 859 1239 888 arma
1264 843 1462 890 transve-

170 915 341 961 herent.
367 915 411 961 Si
432 912 645 960 beneficia
668 929 847 960 naturae
870 912 1084 959 utentium
1112 915 1328 976 pravitate
1358 931 1460 977 per-

171 988 430 1050 pendimus,
473 986 581 1033 nihil
619 1003 709 1032 non
739 987 892 1033 nostro
925 988 1042 1033 malo
1075 988 1338 1051 accepimus.
1374 989 1460 1036 Cui

175 1061 328 1108 videre
347 1059 563 1122 expedit?
588 1059 658 1105 cui
677 1058 829 1122 loqui?
859 1059 944 1106 Cui
968 1075 1059 1104 non
1077 1059 1170 1107 vita
1189 1072 1462 1107 tormentum

173 1133 268 1180 est?
299 1133 421 1179 Nihil
448 1133 646 1180 invenies
679 1149 765 1179 tam
799 1131 1050 1179 manifestae
1081 1133 1276 1180 utilitatis
1294 1170 1308 1193 ,
1338 1135 1462 1198 quod

174 1223 268 1252 non
287 1206 332 1252 in
361 1209 630 1254 contrarium
652 1204 882 1252 transferat
907 1205 1045 1267 culpa.
1078 1204 1147 1251 Sic
1164 1218 1320 1253 ventos
1341 1223 1461 1269 quo-

173 1297 260 1345 que
294 1292 444 1326 natura
474 1280 599 1326 bono
624 1279 796 1326 futuros
823 1271 1080 1325 invenerat:
1109 1279 1187 1341 ipsi
1215 1280 1316 1326 illos
1348 1296 1462 1326 con·

173 1353 334 1401 trarios
365 1352 562 1400 fecimus.
594 1353 765 1398 Omnes
797 1351 841 1396 in
862 1351 1040 1414 aliquod
1070 1368 1153 1398 nos
1184 1352 1346 1399 malum
1377 1353 1463 1398 du-

175 1439 293 1473 cunt.
322 1427 429 1472 Non
458 1426 610 1472 eadem
641 1423 702 1470 est
727 1423 793 1470 his
817 1436 859 1470 et
879 1424 960 1471 illis
989 1425 1112 1471 causa
1131 1424 1359 1473 solvendi:
1389 1424 1466 1471 sed

175 1499 281 1546 iusta
311 1500 430 1546 nulli.
459 1499 641 1546 diver-fis
670 1498 788 1544 enim
820 1497 1100 1544 irritamentis
1131 1499 1184 1544 ad
1204 1499 1470 1547 tentandum

175 1572 258 1619 iter
276 1572 551 1635 impellimur.
576 1571 743 1634 Utique
762 1570 889 1617 alicui
916 1570 1030 1616 vitio
1054 1570 1294 1634 navigatur.
1328 1574 1466 1634 Egre-

177 1647 245 1711 gie
267 1648 387 1694 Plato
417 1646 524 1693 dicit
540 1683 554 1703 ‚
575 1645 652 1709 qui
682 1645 811 1691 nobis
837 1644 953 1691 circa
979 1645 1144 1692 exitum
1171 1646 1256 1692 iam
1288 1645 1462 1693 testium

177 1721 285 1767 loco
306 1722 473 1769 dandus
501 1719 590 1766 est:
620 1717 802 1764 minima
832 1717 918 1766 effe
945 1735 1056 1784 quae
1086 1719 1287 1766 homines
1315 1732 1465 1767 emant

177 1794 281 1842 vita.
300 1797 467 1851 Immo,
487 1792 628 1840 Lucili
645 1791 880 1850 carisfime,
893 1791 922 1837 fi
944 1793 1054 1839 hene
1071 1792 1269 1840 furorem
1284 1792 1464 1840 illorum

177 1864 472 1913 aestimaveris
488 1902 501 1924 ‚
526 1866 572 1912 id
595 1864 683 1919 est,
717 1863 911 1911 nostrum
936 1863 1005 1928 (in
1025 1866 1178 1913 eadem
1197 1865 1314 1912 enim
1340 1865 1464 1912 turba

177 1937 457 2002 volutamur)
476 1938 611 2002 magis
629 1937 793 1984 ridebis
805 1973 819 1996 ,
839 1953 939 1984 cum
960 1938 1249 2002 cogitaveris,
1278 1938 1368 1989 vita
1383 1953 1464 2002 pa·-⁵

177 2012 265 2059 rari
288 2029 337 2061 ea
351 2049 366 2074 ‚
389 2012 436 2066 in
453 2013 610 2079 quibus
627 2012 719 2061 vita
738 2011 1024 2062 consumitur.

1101 2521 1209 2575 §72
