1730 2870
612 29 644 53 N

583 168 1164 215 EPISTOLAE.
1464 185 1513 228 η

240 274 465 324 iunctione
489 274 631 329 vitae,
665 286 751 320 tam
782 273 990 319 familiari*
1007 273 1249 319 studiorum
1282 272 1487 322 societate
1507 309 1523 329 ,

241 347 344 393 nihil
365 346 507 393 astum
525 345 609 391 est?
630 346 747 391 Cum
766 344 911 390 amico
930 344 1059 392 effers
1076 344 1312 390 amicitiam
1331 362 1343 392 :
1364 357 1407 392 et
1421 349 1529 410 quid

241 422 364 468 doles
384 420 563 467 amisisse
578 456 593 477 ,
621 420 651 465 si
671 418 865 465 habuisse
888 435 978 464 non
1003 417 1211 480 prodest?
1236 420 1349 466 Mihi
1369 423 1525 478 crede,

240 509 394 555 magna
416 508 511 554 pars
528 508 580 537 ex
602 492 683 537 illis
705 506 817 553 quos
837 490 1104 549 amavimus,
1136 490 1236 537 licet
1255 490 1373 553 ipsos
1401 492 1522 540 casus

239 564 484 618 abstulerit,
513 563 627 625 apud
658 579 738 608 nos
757 573 916 608 manet.
942 561 1152 608 Nostrum
1173 562 1233 608 est
1255 565 1376 627 quod
1395 581 1523 627 prae-

239 636 355 682 teriit
373 649 544 697 tempus
564 653 573 680 :
594 651 674 680 nec
703 634 938 696 quidquam
960 633 1021 679 est
1042 634 1145 681 loco
1170 635 1358 694 tutiore,
1387 654 1521 700 quam

238 708 361 771 quod
386 707 486 754 fuit.
512 706 669 770 Ingrati
688 704 894 752 adversus
911 719 1114 767 percepta
1132 739 1146 761 ‚
1175 705 1248 767 spe
1268 705 1428 764 futuri,
1453 708 1524 754 su·-

236 796 358 826 mus:
382 778 499 843 quast
527 795 617 825 non
639 777 761 841 quod
782 776 976 822 futurum
997 777 1084 832 est,
1106 776 1136 822 fi
1157 778 1297 824 modo
1314 778 1523 826 succeffe-

239 853 296 899 rit
325 853 453 899 nobis
471 888 484 910 ,
509 852 598 898 cito
618 852 662 897 in
688 848 916 913 praeterita
943 849 1218 897 transiturum
1237 850 1299 898 fit.
1329 851 1523 914 Anguste

239 925 400 973 fruetus
426 942 573 972 rerum
608 922 894 980 determinat,
926 923 1003 985 qui
1025 936 1193 971 tantum
1223 924 1523 989 praesentibus

237 997 370 1046 laetus
390 998 462 1045 est.
488 1011 529 1043 et
552 996 694 1043 futura
715 1010 759 1043 et
779 996 1009 1059 praeterita
1029 998 1242 1046 delectant
1262 1019 1270 1043 :
1292 999 1398 1046 haec
1410 1035 1425 1058 ‚
1443 1017 1522 1045 ex-

238 1071 530 1134 spectatione3
565 1070 658 1129 illa,
682 1071 908 1116 memoria.
940 1070 1012 1117 sed
1044 1072 1224 1120 alterum
1255 1074 1445 1135 pendet,
1480 1088 1523 1123 et

238 1161 330 1190 non
350 1143 444 1191 fieri
465 1143 633 1208 potestt
658 1144 841 1190 alterum
861 1159 952 1189 non
974 1144 1116 1206 potest
1143 1161 1234 1191 non
1253 1145 1390 1193 fuiffe.
1412 1150 1526 1208 Quis

236 1234 345 1281 ergo
376 1218 502 1264 furor
531 1218 618 1275 est,
651 1217 891 1265 certiffimo
912 1217 1150 1266 excidere?
1184 1219 1524 1282 Aequiescamus

236 1292 303 1339 his
321 1309 429 1355 quae
447 1292 530 1338 iam
551 1292 789 1339 hausimus:
813 1291 843 1337 fi
865 1292 1004 1339 modo
1019 1309 1109 1339 non
1127 1293 1351 1356 perforato
1370 1295 1522 1342 animo

233 1366 564 1422 hauriebamus,
605 1378 645 1413 et
679 1365 996 1414 transmittente
1027 1367 1241 1431 quidquid
1278 1385 1521 1431 acceperat.

234 1441 567 1487 Innumerabilia
582 1439 678 1486 sunt
701 1439 898 1502 exempla
916 1455 1070 1486 eorum
1086 1477 1098 1495 ‚
1117 1441 1191 1504 qui
1207 1441 1371 1488 liberos
1389 1443 1520 1489 iuve-

235 1527 311 1558 nes
329 1511 415 1558 fine
429 1511 620 1558 lacrimis
641 1511 896 1557 extulerint:
911 1512 985 1575 qui
1003 1513 1049 1558 in
1062 1512 1251 1559 senatum
1267 1549 1280 1571 ‚
1299 1526 1372 1560 aut
1389 1515 1432 1560 in
1448 1517 1521 1562 ali-

234 1585 361 1647 quod
390 1585 611 1647 publicum
634 1584 832 1631 officium
860 1603 884 1631 a
911 1601 1026 1649 rogo
1046 1585 1254 1632 redierint
1270 1622 1285 1642 ‚
1314 1600 1358 1632 et
1376 1587 1519 1636 statim

235 1658 350 1703 aliud
371 1657 568 1721 egerint:
592 1675 672 1705 nec
699 1657 935 1706 immerito.
968 1659 1083 1704 Nam
1116 1658 1340 1721 primum,
1370 1660 1521 1723 super-

233 1748 424 1779 vacuum
444 1731 505 1778 est
523 1732 669 1778 dolere
682 1767 694 1787 ,
715 1730 743 1776 si
763 1730 870 1777 nihil
888 1731 1085 1778 dolendo
1106 1731 1310 1794 proficias
1329 1750 1340 1780 :
1361 1734 1520 1781 deinde

231 1803 433 1865 iniquum
463 1802 521 1848 est
541 1802 664 1864 queri
685 1803 738 1849 de
759 1818 839 1859 eo,
857 1803 982 1866 quod
1002 1803 1078 1849 uni
1098 1802 1282 1859 accidit,
1303 1819 1346 1851 et
1369 1806 1521 1852 omni-

232 1874 317 1922 bus
349 1874 488 1921 restat.
522 1875 730 1934 Deinde,
767 1874 965 1923 desiderii
993 1875 1116 1922 stulta
1146 1877 1408 1940 conquestio
1433 1879 1518 1934 est,

232 1948 310 1994 ubi
328 1948 558 1994 minimum
582 1947 755 1995 interest
784 1948 896 1995 inter
912 1949 1108 1995 amiffum
1129 1961 1172 1996 et
1189 1949 1517 1998 desiderantem.

232 2024 299 2068 Eo
319 2022 462 2084 itaque
481 2022 689 2085 aequiore
710 2022 860 2068 animo
879 2022 966 2069 effe
983 2022 1192 2070 debemus
1209 2059 1222 2081 ‚
1253 2025 1378 2087 quod
1402 2041 1518 2087 qups

231 2094 478 2153 amisimus,
509 2094 743 2158 sequimur.
786 2096 971 2159 Respice
1001 2097 1264 2144 celeritatem
1302 2097 1515 2159 rapidiffi·

231 2167 293 2212 mi
330 2167 541 2229 temporis
576 2185 587 2214 ε
617 2168 760 2232 cogita
788 2169 1058 2216 <brevitatem
1089 2170 1221 2216 huius
1250 2169 1403 2233 spatii,
1435 2188 1516 2233 per

230 2240 355 2303 quod
394 2240 625 2287 citatiffimi
660 2242 873 2289 currimus
894 2260 904 2288 ε
949 2242 1139 2290 observa
1176 2244 1293 2291 hunc
1329 2244 1515 2291 comita-

230 2324 324 2359 tum
345 2304 514 2376 generis
531 2313 740 2370 humani,
763 2316 920 2362 eodem
951 2315 1200 2374 tendentis,
1228 2315 1421 2363 minimis
1444 2317 1514 2363 in-

231 2385 423 2432 tervallis
456 2385 695 2433 distinctum
717 2423 732 2446 ,
762 2388 892 2435 etiam
928 2388 1003 2435 ubi
1036 2389 1228 2435 maxima
1259 2389 1467 2438 videntur
1498 2406 1513 2438 ε

230 2473 365 2521 quem
384 2470 510 2521 putas
534 2459 705 2523 periiffe
718 2495 732 2521 9
753 2460 1004 2524 praemissus
1021 2461 1096 2512 est.
1122 2461 1245 2528 Quid
1264 2476 1412 2510 autem
1431 2462 1512 2516 deff
