1730 2870
430 87 467 132 E
514 82 768 131 LlssRls
810 79 1161 128 SENECAE
1359 97 1453 148 399

180 197 360 255 utfama
372 194 568 256 pecuniae
582 209 660 237 nos
668 193 795 236 etiam
812 189 1001 236 nocitura
1015 188 1183 234 delec‘let.
1194 188 1322 233 Bona
1338 190 1457 235 omni

179 272 302 329 culpa
321 284 445 313 carere
461 268 565 311 decet
577 282 593 310 .·
615 282 719 325 pura
723 263 853 324 sunt,
874 279 961 307 non
981 276 1246 322 corrumpunt
1261 261 1428 315 animos
1446 296 1463 319 ,

179 362 264 389 non
279 343 498 403 solicitant
516 359 532 386 .·
559 343 767 386 extollunt
796 339 952 400 quidem
979 338 1144 382 animos
1170 333 1213 382 δ’
1237 334 1432 380 αέίεὲῗαηῑ
1447 369 1465 391 ,

166 416 340 480 fidstne
359 430 526 461 tumore.
548 415 669 476 Quae
689 415 797 458 bona
802 412 937 472 sunt,
949 411 1150 471 fiduciam
1161 410 1335 468 faciunt
1346 426 1366 462 ,⁴
1391 408 1462 453 di·-

178 492 304 538 vitiae
319 492 553 535 audaciam.
577 490 698 550 Quae
712 490 822 532 bona
832 487 936 546 sunt
946 520 961 545 ,
977 485 1311 548 magnitudinem
1324 482 1463 530 animi

142 579 145 603 ι
179 564 312 621 dant,
337 564 509 609 divitiae
525 561 803 621 insolentiam.

376 686 930 736 EXCERPTA
1020 685 1270 735 ALIA.

180 777 401 893 LICET
425 844 657 890 cztnc'iorum
677 849 888 904 poetarum
916 842 1104 889 carmina
1129 843 1325 905 gremium
1346 859 1465 891 tuum

167 918 328 976 fi1·72per
346 917 542 982 illustrent
550 934 569 970 ;
591 918 816 976 aliquando
834 917 1081 969 deliberans,
1102 916 1269 966 hochbi
1285 916 1464 976 opuseu-

177 992 263 1033 lum
273 1007 353 1048 pro
371 991 646 1034 accidentibus
684 987 838 1051 castbus
865 989 1031 1049 dirigere
1055 987 1221 1044 curavi,
1248 990 1360 1048 quod
1375 1005 1465 1033 norz

122 1065 126 1068 ’
171 1066 449 1124 praecedentes
464 1098 476 1117 ‚
491 1065 573 1122 sed
582 1064 724 1129 'posteri
751 1065 995 1108 narrabunt.
1033 1065 1160 1108 Unde
1178 1080 1266 1124 ergo
1279 1064 1465 1122 primum

178 1138 442 1197 incipimus?
466 1138 516 1181 Si
529 1139 602 1181 tibi
619 1138 794 1192 videtur,
809 1156 836 1181 a
851 1152 986 1181 morte.
1002 1138 1076 1182 Ab
1092 1137 1262 1193 ultimo,
1284 1137 1464 1197 inquis?

177 1212 313 1254 Immo
329 1228 355 1254 a
375 1211 581 1255 maximo.
607 1212 686 1254 Ad
704 1211 776 1255 lzoc
787 1211 1000 1270 praecipue
1027 1226 1126 1270 gens
1146 1210 1332 1254 humana
1361 1221 1467 1259 con-J
1500 1266 1516 1269 „

175 1283 312 1326 tremit
331 1299 347 1326 .·
375 1300 445 1327 nec
475 1284 677 1326 immerito
705 1282 784 1325 tibi
812 1282 974 1326 videtur
997 1282 1070 1325 hoc
1081 1280 1234 1339 facere.
1260 1283 1388 1326 Ceteri
1410 1282 1467 1326 ti-

176 1372 306 1399 mores
337 1356 486 1400 lzabent
506 1356 682 1414 aliquem
703 1354 853 1419 pcstse
881 1357 1015 1400 locum
1035 1371 1051 1398 .·
1082 1373 1191 1400 mors
1219 1356 1363 1401 omnia
1382 1357 1468 1404 αὖε

168 1426 342 1485 scindit.
370 1429 480 1471 Alia
501 1445 577 1472 nos
603 1441 788 1486 torquent
805 1444 819 1470 .·
838 1444 946 1472 mors
973 1429 1117 1471 omnia
1145 1429 1324 1473 devorat.
1354 1429 1469 1480 Om-]

178 1501 298 1544 nium
319 1518 420 1560 quae
448 1502 650 1545 lzorremus
668 1534 681 1556 ‚
711 1503 770 1545 ad
796 1503 904 1546 lianc
924 1502 1061 1546 exitus
1077 1500 1258 1559 smilax,
1286 1503 1468 1547 aliorum

176 1590 280 1633 quae
291 1591 369 1632 per
397 1568 624 1618 circuitum.
655 1575 803 1618 Etiam
834 1575 904 1634 qui
931 1575 1089 1634 alioqui
1110 1573 1158 1632 se
1190 1574 1302 1618 nihil
1327 1576 1467 1621 timere

177 1648 392 1702 iudicant,
426 1649 497 1692 lzoc
535 1648 695 1692 timent.
730 1648 952 1708 Quidquid
981 1649 1104 1692 aliud
1134 1647 1470 1708 extimefiimus,
1504 1648 1507 1656 ¹

177 1722 295 1764 habet
321 1735 395 1764 aut
414 1721 632 1765 remedium
647 1751 660 1774 ‚
694 1736 767 1765 aut
781 1721 1001 1780 solatium.
1026 1721 1102 1766 Sic
1125 1737 1214 1781 ergo
1234 1736 1270 1765 te
1289 1721 1466 1780 forma,

177 1808 223 1837 ut
242 1792 286 1854 fi
299 1793 392 1853 quis
412 1794 487 1836 tibi
497 1796 646 1853 palam
671 1808 837 1838 mortem
864 1795 1075 1852 minetur5
1095 1810 1235 1839 omnes
1254 1796 1464 1840 terriculas

177 1868 264 1911 eius
281 1868 464 1913 deludas.

243 1940 448 1985 Moriens.
477 1939 561 2004 Ista
588 1940 765 1985 hominis
795 1954 949 1984 natura
973 1940 1052 1998 est,
1080 1957 1165 1985 non
1178 1956 1331 2000 poena.
1360 1939 1466 2002 MO‘.

176 2014 301 2066 rieris.
344 2014 444 2058 Hac
477 2015 709 2058 conditione
744 2015 898 2058 intravi
925 2048 939 2070 ‚
975 2030 1022 2059 ut
1056 2015 1223 2059 exirem.
1260 2012 1468 2078 Morieris3

181 2087 383 2131 Gentium
405 2088 472 2130 ius
486 2086 562 2150 est,
581 2089 693 2145 quod
706 2088 900 2146 acceperis
915 2121 927 2142 ‚
955 2088 1121 2131 reddere.
1149 2084 1358 2129 filorieris.
1378 2086 1468 2128 Pe-

176 2160 396 2219 regrinatio
418 2158 469 2222 est
487 2159 589 2202 vita.
609 2160 793 2202 qultum
822 2176 913 2202 curn
933 2159 1273 2212 deambulaveris,
1297 2159 1465 2202 domum

175 2233 420 2277 redeundum
446 2231 509 2292 est.
538 2233 745 2276 Morieris.
777 2232 989 2275 Putabam
1017 2246 1053 2275 te
1077 2232 1239 2291 aliquid
1263 2231 1364 2274 novi
1393 2231 1466 2274 di-

178 2322 269 2351 cere.
289 2308 347 2349 ad
365 2307 438 2350 lzoc
455 2307 548 2350 veni
558 2340 571 2360 ,
591 2305 664 2350 lzoc
684 2323 778 2366 ag0‚
797 2307 874 2350 huc
893 2322 954 2349 me
953 2303 1120 2366 singuli
1138 2307 1222 2349 dics
1237 2305 1470 2348 adducunt.

180 2378 388 2440 Naseenti
407 2380 507 2424 milii
533 2395 684 2425 natura
697 2380 895 2440 protinus
927 2379 1036 2424 hunc
1058 2377 1204 2439 posuit
1233 2377 1469 2426 terminum·
