1730 2870
367 106 966 166 »suun-ommi:
1002 105 1126 152 ΗΒ.
1163 106 1262 152 vn.
1362 107 1448 166 361

173 213 304 258 Nunc
318 226 463 260 autem
483 223 629 258 manet
646 211 728 258 illis
747 212 884 275 prima
904 212 1058 269 facies,
1078 212 1221 259 donec
1241 210 1455 273 incipiant

173 282 398 345 exstingui.
424 282 603 328 Deinde
622 284 746 345 quod
767 283 971 330 adversus
991 283 1185 346 priores,
1217 283 1346 330 etiam
1376 284 1454 329 ad·-

172 354 322 401 versus
349 354 466 400 hunc
497 353 689 401 dicitur:
719 354 761 400 si
797 367 959 402 erraret
991 357 1228 413 Cometes,
1261 355 1455 419 effetque

171 427 310 485 fidus,
328 426 438 473 intra
459 427 650 490 {igniferi
670 428 883 475 terminos.
902 434 1156 476 moveretur
1169 466 1182 487 ,
1202 428 1314 475 intra
1333 428 1457 492 quod

171 516 306 546 omne
340 499 452 548 fidus
489 501 636 550 cursus
666 502 767 549 suos
799 503 978 565 colligit.
1012 504 1251 566 Nunquam
1277 513 1460 564 apparet

171 574 287 622 stella
323 592 399 637 per
425 575 603 623 stellam.
638 577 772 624 Acies
800 576 944 622 nostra
976 593 1067 622 non
1098 576 1241 640 potest
1268 593 1345 638 per
1365 592 1458 621 me—

171 648 292 695 dium
313 649 427 700 fidus
437 650 558 696 exire
571 682 587 704 ‚
606 662 653 696 ut
673 666 752 714 per
776 650 883 696 illud
902 650 1091 696 editiora
1111 649 1357 712 prospiciat.
1378 651 1460 695 Per

171 722 395 768 Cometen
429 735 574 769 autem
605 740 697 768 non
726 722 850 770 aliter
870 740 1001 786 quam
1036 738 1114 786 per
1145 723 1309 769 nubem
1344 723 1460 769 ulte-

171 794 292 841 riora
326 810 594 843 cernuntur:
631 813 685 843 ex
718 813 811 859 quo
845 807 1024 858 apparet
1044 831 1058 854 ,
1092 794 1218 842 illum
1250 811 1341 842 non
1373 795 1459 842 effe

171 866 284 914 fidus
299 904 311 923 ‚
335 868 403 914 sed
424 869 569 916 levem
592 869 736 932 ignem
764 886 812 915 ac
836 868 1180 916 tumultuarium.

236 940 364 986 XIX.
382 941 538 997 Zenon
559 941 707 988 noster
726 940 770 986 in
795 941 864 987 illa
886 941 1098 988 sententia
1117 939 1461 1004 est:congruere

172 1011 336 1060 iudicat
367 1013 530 1071 stellas,
561 1029 604 1061 et
635 1015 781 1061 radios
811 1015 923 1061 inter
952 1014 994 1062 se
1023 1015 1303 1062 committere
1333 1032 1344 1061 t
1374 1015 1459 1062 hac

171 1080 377 1129 societate
408 1083 589 1131 luminis,
613 1084 811 1134 exsistere
842 1085 1083 1149 imaginem
1111 1084 1257 1132 stellae
1281 1085 1461 1148 longio-

172 1154 243 1200 ris.
281 1158 397 1218 Ergo
425 1157 608 1219 quidam
641 1159 783 1206 nullos
814 1158 902 1205 effe
935 1159 1145 1205 Cometas
1178 1155 1423 1203 existimant
1443 1189 1461 1212 ,

173 1229 243 1276 sed
263 1231 286 1275 s
280 1231 425 1292 pecies
444 1231 617 1278 illorum
640 1249 720 1295 per
737 1231 1113 1293 repet-missionem
1133 1229 1387 1277 vicinorum
1409 1229 1461 1275 si·-

173 1302 355 1359 derum,
382 1316 454 1350 aut
478 1321 554 1365 per
582 1305 945 1351 coniunffiomem
972 1303 1299 1352 cohaerentium
1319 1303 1462 1350 reddi.

173 1375 368 1435 Quidam
398 1376 515 1423 aiunt
542 1376 625 1439 effe
653 1376 856 1440 quidem,
884 1377 956 1424 sed
980 1376 1139 1423 habere
1168 1374 1317 1423 cursus
1334 1374 1463 1432 suos,

174 1460 217 1493 et
237 1448 334 1510 post
363 1465 480 1495 certa
512 1448 639 1495 lustra
667 1449 712 1495 in
737 1449 1021 1512 conspec'tum
1051 1447 1302 1493 mortalium
1323 1446 1460 1493 exire.

173 1522 368 1583 Quidam
383 1522 467 1568 effe
487 1523 664 1585 quidem
677 1559 690 1580 ,
711 1523 784 1570 sed
802 1540 895 1570 non
910 1522 1068 1586 quibus
1083 1521 1268 1568 fiderum
1292 1537 1457 1566 nomen

173 1595 375 1657 imponas
396 1614 406 1643 :
427 1596 528 1660 quia
548 1597 814 1652 dilabuntur,
836 1613 917 1644 nec
939 1596 1016 1643 diu?
1037 1596 1219 1653 durant,
1241 1609 1284 1642 et
1306 1592 1456 1657 exigui

172 1669 385 1730 &emporis
415 1685 540 1714 mora
572 1668 838 1731 diffipantur.

239 1741 347 1787 XX.
381 1742 428 1786 ln
464 1740 543 1786 hac
575 1739 783 1786 sententia
816 1738 913 1785 sunt
940 1737 1138 1802 plerique
1172 1736 1421 1784 nostrorum
1441 1754 1461 1793 3
1517 1737 1532 1747 ''
1570 1725 1575 1728 ¹

171 1828 255 1859 nec
281 1812 326 1858 id
351 1824 503 1874 putant
528 1810 701 1859 veritati
726 1827 983 1874 repugnare.
1000 1810 1214 1857 Videmus
1235 1809 1380 1863 enim,
1408 1808 1455 1855 in

172 1883 346 1930 sublimi
364 1883 486 1932 varia
512 1883 677 1946 ignium
700 1883 877 1948 concipi
903 1900 1094 1948 genera,
1116 1894 1160 1931 et
1178 1882 1318 1930 modo
1347 1897 1457 1931 coe-

173 1955 264 2005 lum
286 1957 467 2015 ardere,
497 1957 640 2003 modo

239 2065 406 2125 Longos
422 2083 447 2110 a
467 2080 571 2126 tergo
576 2064 853 2127 flammarum
873 2066 1057 2125 aZbefiere
1075 2065 1226 2111 cracJus
1243 2096 1258 2120 ‚
1319 2111 1322 2114 .

177 2169 318 2215 modo
338 2169 452 2217 faces
472 2186 569 2216 cum
603 2169 700 2233 igne
732 2169 856 2217 vasto
874 2169 981 2233 rapi.
1018 2172 1106 2216 Iam
1131 2169 1223 2232 ipsa
1241 2167 1461 2224 fulmina,·

177 2242 251 2289 etsi
278 2243 511 2290 velocitate
531 2243 637 2289 mira
653 2280 667 2300 ,
689 2243 812 2289 fimul
831 2259 874 2290 et
899 2243 1193 2306 perstringunt
1219 2242 1357 2289 aciem
1374 2275 1389 2298 ,
1413 2251 1458 2288 et

176 2315 428 2371 remittunt,
460 2316 578 2379 ignes
607 2317 703 2364 sunt
732 2316 842 2363 ae'ris
869 2315 988 2373 triti,
1021 2330 1065 2363 et
1094 2317 1265 2377 impetu
1283 2315 1396 2362 inter
1414 2316 1457 2362 se

178 2389 344 2439 maiore
364 2390 511 2441 collisi.
533 2390 636 2438 Ideo
656 2407 710 2437 ne
728 2387 924 2437 resistunt
945 2389 1124 2454 quidem
1137 2424 1152 2445 ,
1176 2388 1248 2437 sed
1270 2387 1456 2453 expreffi
