1730 2870
372 106 639 152 NATUR.
689 105 1004 165 QUAEST.
1058 108 1180 154 LIB.
1234 111 1285 157 Π.
1379 130 1458 176 195

183 208 294 258 tium
323 210 386 257 sui
407 209 552 257 similis
573 225 663 256 non
697 209 787 257 est:
817 224 1009 259 mutatur
1029 213 1151 259 enim
1184 231 1207 259 a
1241 217 1470 277 proximis,

185 288 362 331 Summa
382 299 479 346 pars
506 283 599 330 eius
627 282 688 330 est
713 283 934 331 {iccistima
962 285 1324 351 calidiffimaque‚
1344 307 1387 337 et
1405 294 1466 339 ob

185 358 274 404 hoc
301 356 432 404 etiam
450 355 714 415 tenuiffima,
746 371 929 420 propter
953 359 1159 406 viciniam
1189 374 1465 412 aeternorum

184 429 377 493 ignium,
412 441 456 474 et
494 427 593 475 illos
632 440 700 476 tot
740 442 888 476 motus
923 429 1138 491 fiderum,
1167 434 1466 498 affiduumque

185 501 299 549 coeli
337 500 660 549 circumafitum.
691 502 764 547 Illa
798 518 896 564 pars
928 503 1016 549 ima
1056 520 1100 551 et
1129 505 1272 553 vicina
1308 510 1430 556 terris
1448 546 1466 568 ,

182 573 310 619 densa
339 586 384 620 et
413 570 641 636 caliginosa
674 572 736 619 est
767 590 779 620 ε
809 574 910 637 quia
947 589 1137 622 terrenas
1167 579 1466 630 exhalationes

182 657 384 709 receptat.
420 646 569 693 Media
599 663 696 709 pars
723 648 1033 709 temperatior,
1069 649 1098 694 si
1133 649 1311 698 summis
1342 653 1466 700 imis-

183 735 271 783 que
289 718 490 766 conferas
508 749 522 774 ‚
554 734 762 782 quantum
781 719 835 764 ad
856 719 1089 766 siccitatem
1117 721 1464 787 tenuitatemque

182 792 398 856 pertinet:
419 805 613 840 ceterum
644 806 826 856 utraque
855 806 975 855 parte
1006 793 1220 857 frigidior.
1254 797 1366 844 Nam
1391 798 1463 846 su-

182 864 358 926 periora
385 864 475 911 eius
507 865 699 912 calorem
734 865 984 912 vicinorum
1019 865 1207 913 siderum
1240 868 1426 920 sentiunt
1448 889 1463 920 z

182 937 390 984 inferiora
418 955 596 1002 quoque
623 949 796 1001 tepent,
828 938 1016 1000 primum
1051 950 1261 986 terrarum
1296 941 1462 998 halitu,

182 1011 259 1073 qui
287 1011 473 1056 multum
510 1011 652 1066 secum
692 1012 816 1058 candi
841 1011 990 1069 affert,
1029 1012 1187 1059 deinde
1217 1013 1316 1076 quia
1351 1015 1464 1063 radii

181 1084 281 1132 solis
298 1083 590 1146 replicantur,
617 1096 660 1131 et
681 1085 907 1148 quousque
925 1084 1066 1131 redire
1083 1098 1322 1148 potuerunt
1337 1123 1349 1144 ,
1375 1088 1462 1133 du-

180 1157 342 1219 piicato
377 1156 522 1203 calore
557 1156 784 1219 benignius
811 1156 983 1204 fovent.
1015 1157 1191 1203 Deinde
1221 1157 1350 1204 etiam
1383 1159 1461 1206 illo

178 1229 350 1292 spiritu,
375 1229 453 1292 qui
476 1229 680 1275 omnibus
699 1229 956 1276 animalibus
971 1259 985 1284 ,
1014 1227 1277 1291 arbustisque
1295 1244 1345 1276 ac
1365 1230 1462 1279 satis

179 1303 342 1350 calidus
372 1302 445 1349 est.
475 1303 598 1348 Nihil
633 1302 751 1348 enim
789 1303 963 1349 viveret
999 1301 1087 1348 fine
1117 1303 1275 1348 calore.
1307 1303 1461 1352 Adiice

179 1393 296 1422 nunc
324 1376 471 1437 ignes,
503 1391 593 1422 non
613 1387 782 1422 tantum
809 1391 943 1421 manu
964 1374 1105 1422 factos
1132 1386 1173 1421 et
1196 1387 1367 1436 certos,
1388 1377 1460 1425 sed

180 1462 359 1511 opertos
389 1450 544 1496 terris:
575 1466 763 1513 quorum
794 1449 929 1512 aliqui
957 1460 1221 1511 eruperunt,
1252 1449 1464 1499 innume⁴

178 1522 336 1568 rabiles
366 1521 411 1567 in
451 1521 712 1568 abscondito
751 1520 934 1583 flagrant
969 1532 1012 1567 et
1051 1521 1240 1568 obscuro
1275 1522 1463 1586 semper-¹

180 1597 427 1641 Etiamnum
455 1607 524 1641 tot
542 1608 684 1656 partes
703 1595 797 1640 eius
816 1593 980 1640 fertiles
999 1609 1143 1640 rerum
1161 1625 1176 1649 ‚
1201 1594 1360 1642 habent
1378 1596 1460 1643 ali-

178 1668 284 1730 quid
308 1667 472 1728 teporis
491 1685 501 1712 :
523 1667 732 1729 quoniam
753 1667 890 1713 sterile
910 1666 970 1713 est
993 1666 1222 1730 frigidum,
1240 1667 1358 1713 calor
1377 1684 1460 1715 au·-

179 1753 266 1787 tem
298 1741 447 1804 gignit.
472 1742 619 1787 Media
648 1757 757 1804 ergo
786 1757 882 1803 pars
908 1741 1018 1787 aeris
1038 1742 1091 1787 ab
1110 1740 1175 1786 his
1199 1741 1397 1788 submota
1413 1741 1460 1788 in

178 1813 343 1876 frigore
363 1812 440 1859 suo
462 1825 620 1859 manet.
649 1814 815 1859 Natura
839 1813 955 1859 enim
979 1813 1088 1860 aeris
1109 1813 1246 1877 geiida
1267 1814 1340 1865 est.

242 1885 319 1931 XI.
349 1884 558 1942 Quicum
581 1885 638 1931 fic
663 1885 826 1932 divisus
853 1885 931 1944 sit,
965 1886 1050 1932 ima
1078 1886 1143 1933 sui
1177 1899 1298 1949 parte
1317 1888 1460 1935 maxia

179 1975 249 2005 me
277 1959 420 2006 varius
444 1971 487 2004 et
513 1958 759 2006 inconstans
789 1975 833 2007 et
865 1960 1082 2008 mutabilis
1107 1961 1180 2007 est.
1214 1962 1344 2009 Circa
1371 1976 1460 2010 ter-

179 2048 270 2076 ram
293 2029 530 2092 plurimum
552 2032 709 2089 audet,
739 2032 976 2095 plurimum
998 2033 1180 2096 patitur,
1208 2035 1398 2097 exagitat
1415 2051 1460 2084 et

175 2104 442 2166 exagitatur:
464 2120 544 2151 nec
569 2116 716 2151 tamen
747 2106 906 2153 eodem
938 2107 1078 2153 modo
1099 2120 1216 2155 totus
1243 2108 1459 2167 afficitur,

177 2176 250 2221 sed
275 2175 396 2222 aliter
421 2175 520 2221 alibi
542 2193 552 2222 ε
572 2194 622 2224 ac
649 2178 840 2240 partibus
863 2178 1081 2242 inquietus
1098 2178 1158 2227 est
1180 2196 1229 2226 ac
1248 2180 1462 2231 turbidus,

170 2246 331 2294 Causas
361 2259 504 2294 autem
535 2248 648 2296 illius
677 2251 932 2297 mutationis
961 2262 1004 2298 et
1024 2249 1333 2299 inconstantiae
1357 2252 1460 2299 alias

168 2333 281 2366 terra
303 2322 508 2383 praebet,
538 2322 661 2370 cuius
694 2322 932 2386 positiones
963 2324 1047 2371 huc
1079 2335 1151 2371 aut
1176 2324 1255 2372 illo
1280 2325 1429 2374 versae
1442 2342 1461 2392 ‚⁴

168 2406 323 2455 magna
347 2392 400 2440 ad
424 2393 534 2443 aeris
561 2395 823 2459 temperiem
853 2407 1078 2447 momenta
1106 2397 1202 2444 sunt
1229 2415 1239 2444 ε
1265 2397 1378 2446 alias·
1395 2398 1455 2444 st-

532 2483 538 2488 ·
1113 2471 1157 2517 N
1192 2486 1221 2518 2
