1730 2870
327 104 615 152 NATUR.
658 104 978 165 QUAEST.
1026 106 1154 153 LIB.
1190 107 1284 155 VH.
1354 123 1441 173 351

169 212 405 260 flammare.
428 212 642 259 Videmus
657 212 772 258 enim
791 225 949 259 ventos
968 229 1049 275 per
1077 213 1326 276 complures
1357 216 1451 263 dies

170 285 224 331 ad
244 284 523 331 constitutum
549 284 703 330 redire.
735 284 913 331 Pluviae
933 301 1141 348 quoque,
1171 297 1214 332 et
1237 286 1316 332 alia
1337 299 1453 334 tem-

168 356 381 419 pestatum
416 372 605 418 genera,
637 357 691 402 ad
722 356 1034 419 praescriptum
1066 369 1357 405 revertuntur.
1390 361 1454 407 Ut

168 429 364 477 breviter
396 438 540 474 autem
568 427 844 475 voluntatem
865 428 957 475 eius
987 429 1231 490 exprimam
1250 462 1263 485 ‚
1299 423 1453 477 eadem

167 498 261 545 fere
284 498 452 547 ratione
478 500 560 547 hos
591 499 686 546 fieri
722 500 930 547 Cometas
961 499 1199 559 existimat,
1235 518 1318 565 qua
1345 501 1456 549 fiunt

168 573 290 636 ignes
312 573 487 620 turbine
499 573 635 620 eieeli.
653 574 755 622 Hoc
767 590 902 620 unum
918 573 1095 621 interest
1108 611 1120 631 ‚
1140 578 1261 638 quod
1281 576 1339 623 illi
1359 591 1454 623 tur-

168 645 292 692 bines
308 662 366 691 ex
383 645 596 708 superiori
612 658 733 709 parte
754 646 799 692 in
820 658 956 693 terras
974 646 1305 710 deprimuntur,
1328 650 1374 695 hi
1401 651 1457 696 de

168 730 281 767 terra
299 719 343 765 in
361 719 583 782 superiora
616 720 853 768 elevantur.

234 792 330 837 VII.
346 790 564 837 Adversus
582 789 688 836 haec
702 791 838 837 multa
849 789 1067 837 dicuntur.
1090 791 1284 839 Primum
1299 792 1330 839 fi
1346 809 1457 840 ven-

169 880 238 912 tus
266 865 311 911 in
343 864 465 911 causa
498 864 635 920 esset,
662 880 885 927 nunquam
934 865 1147 911 Cometes
1192 865 1279 912 fine
1316 878 1455 914 vento

170 948 409 999 appareret.
448 953 565 983 nunc
587 949 731 983 autem
759 949 801 982 et
827 935 1094 999 quietiffimo
1132 939 1233 985 aere
1265 951 1457 1002 apparet.

168 1009 346 1055 Deinde
377 1009 407 1054 si
438 1021 576 1056 vento
613 1007 765 1067 fieret,
797 1025 901 1056 cum
938 1021 1075 1056 vento
1113 1011 1314 1058 caderet:
1348 1024 1391 1058 et
1424 1009 1455 1057 fi

170 1094 311 1130 vento
327 1081 568 1144 inciperet,
595 1080 805 1128 cresceret
821 1094 959 1129 vento
978 1098 992 1137 ;
1013 1098 1157 1145 eoque
1176 1082 1279 1129 esset
1300 1084 1455 1130 arden-

170 1154 288 1211 tior,
319 1170 410 1217 quo
437 1153 507 1199 ille
542 1153 775 1200 incitatior.
809 1153 887 1199 His
923 1153 1089 1200 accedit
1119 1154 1227 1200 illud
1260 1171 1457 1219 quoque.

170 1227 344 1272 Ventus
366 1225 521 1271 multas
537 1225 647 1271 ae'ris
665 1240 808 1287 partes
829 1225 1009 1287 impellit
1028 1260 1042 1283 ,
1072 1226 1282 1273 Cometes
1295 1226 1340 1272 in
1363 1243 1457 1273 uno

168 1300 273 1346 loco
291 1311 490 1362 apparet:
510 1314 669 1346 ventus
688 1300 734 1345 in
770 1299 950 1346 sublime
986 1316 1076 1345 non
1095 1300 1329 1363 pervenit,
1361 1302 1456 1348 Co-

170 1389 312 1419 metae
341 1385 485 1419 autem
517 1371 716 1419 visuntur
746 1371 869 1435 supra
903 1388 1033 1436 quam
1067 1372 1212 1420 ventis
1245 1373 1308 1420 ire
1338 1372 1456 1420 licet.

169 1445 342 1493 Transit
374 1446 531 1493 deinde
558 1446 612 1491 ad
644 1445 771 1500 illos,
795 1461 908 1508 quos
932 1444 990 1490 ait
1022 1446 1259 1492 certiorem
1292 1446 1454 1494 habere

171 1519 387 1566 stellarum
412 1517 595 1581 speciem
612 1553 624 1575 ,
657 1518 732 1580 qui
755 1529 798 1564 et
816 1518 1068 1580 procedunt
1083 1554 1096 1575 ‚
1123 1531 1166 1565 et
1195 1518 1308 1581 signa
1327 1534 1458 1580 prae-

171 1603 354 1638 tereunt.
382 1591 478 1637 Hos
506 1589 564 1635 ait
581 1605 637 1636 ex
656 1589 808 1636 iisdem
828 1580 958 1636 causis
992 1588 1086 1636 fieri
1103 1625 1117 1648 ‚
1140 1590 1300 1653 quibus
1326 1590 1426 1638 illos
1444 1627 1460 1650 ,

171 1681 286 1728 quos
315 1664 426 1711 dixit
461 1663 729 1710 humiliores.
764 1663 852 1710 hoc
880 1675 1045 1709 tantum
1076 1662 1276 1710 interesse
1294 1698 1307 1721 ,
1334 1665 1458 1727 quod

173 1749 386 1783 terrarum
417 1735 713 1783 exhalationes
741 1737 875 1782 multa
909 1735 1053 1782 secum
1090 1735 1210 1781 arida
1241 1735 1459 1796 ferentes,

172 1809 398 1855 celsiorem
410 1821 558 1871 petant
571 1822 738 1871 partem
750 1844 762 1867 ,
781 1807 885 1855 etin
900 1808 1087 1854 editiora
1114 1807 1229 1854 coeli
1249 1807 1457 1870 aquilone

172 1882 396 1944 pellantur.
419 1882 596 1929 Deinde
616 1880 644 1926 si
667 1881 764 1928 illos
783 1880 933 1944 aquilo
956 1881 1240 1944 propelleret,
1261 1880 1317 1926 ad
1332 1882 1461 1928 meri-

173 1953 290 1999 diem
313 1952 480 2016 semper
492 1967 722 2017 agerentur
735 1989 751 2012 ,
764 1970 857 2017 quo
875 1966 1035 2001 ventus
1047 1952 1118 2000 hic
1137 1953 1302 1999 nititur.
1319 1953 1457 2017 Atqui

175 2023 297 2071 varie
310 2038 603 2082 concurrunt,
619 2025 692 2071 alii
707 2024 752 2071 in
770 2039 916 2072 ortum
928 2060 942 2083 ‚
958 2024 1031 2071 alii
1044 2024 1090 2070 in
1107 2024 1306 2071 occasum
1325 2059 1340 2082 ,
1356 2041 1457 2070 om-

174 2113 250 2144 nes
269 2097 314 2142 in
337 2096 501 2144 flexum
522 2115 533 2144 :
552 2099 674 2162 quod
687 2098 768 2145 iter
786 2115 877 2145 non
893 2099 1015 2153 daret
1027 2110 1193 2145 ventus,
1221 2098 1397 2145 Deinde
1424 2097 1458 2145 fi

174 2170 401 2234 aquilones
418 2171 519 2219 illos
534 2171 721 2235 impetus
742 2189 765 2219 a
783 2172 909 2219 terris
926 2172 972 2219 in
1003 2173 1133 2218 altum
1155 2173 1345 2231 levaret,
1365 2172 1460 2220 aliis

177 2244 320 2292 ventis
338 2261 427 2292 non
447 2245 668 2292 orirentur
688 2246 916 2292 Cometae.
948 2246 1067 2308 atqui
1087 2246 1305 2292 oriuntur.

242 2306 361 2364 Vlll.
398 2317 516 2362 Illam
551 2335 668 2364 nunc
707 2317 924 2363 rationem
962 2319 1057 2364 eius
1084 2316 1309 2381 (utraque
1337 2318 1456 2366 enim

177 2387 349 2452 utitur)
375 2387 633 2437 refellamus.
654 2389 888 2454 Quidquid
915 2389 1083 2437 humidi
1110 2390 1307 2454 aridique
1343 2403 1460 2440 terra
