1730 2870
366 119 622 167 NATUR.
673 119 973 178 QUAEST.
1008 119 1142 165 LIB.
1177 119 1228 165 Π.
1353 117 1442 182 189
1501 190 1507 197 ι

163 226 369 291 agitatus,
400 239 442 272 et
462 225 492 271 sx
512 225 658 273 subeat
676 239 808 272 terras
828 260 841 281 ‚
879 242 971 271 non
997 224 1060 270 ibi
1080 223 1334 286 speEtandus
1353 224 1413 270 est
1431 241 1447 272 z

163 300 379 363 cogitetur
404 297 449 343 in
479 315 528 344 ea
553 298 653 344 sede
670 329 683 352 ,
717 297 761 342 in
783 314 870 360 qua
899 298 1022 343 illum
1049 311 1199 343 natura
1222 295 1449 359 disposuit.

163 371 344 428 Dicam,
363 370 487 432 quod
505 370 643 434 magis
657 370 882 418 videbitur
899 370 1059 416 mirum
1081 388 1091 416 :
1112 370 1225 416 inter
1242 368 1450 416 coelestia

162 460 206 493 et
230 448 284 494 de
301 458 413 494 terra
431 445 671 499 dicendum
697 443 787 490 erit.
821 443 1001 503 Quare?
1032 443 1192 506 inquis.
1217 443 1322 507 quia
1345 459 1450 490 cum

160 518 340 583 propria
363 531 499 564 tetrae
523 517 765 564 excutimus
783 515 859 563 suo
880 515 1010 573 loco,
1039 529 1188 561 utrum
1209 516 1290 561 lata
1308 515 1385 574 fit,
1406 527 1450 562 et

159 590 415 653 inaequalis,
440 603 483 637 et
509 588 749 638 enormiter
766 587 985 649 proiecta,
1006 603 1060 634 an
1079 600 1171 634 tota
1191 588 1235 633 in
1256 588 1448 635 formam

161 663 275 726 pilae
293 664 481 726 spectet,
516 676 560 711 et
578 664 623 710 in
641 664 797 709 orbem
829 674 969 725 partes
993 662 1084 709 suas
1119 675 1278 724 cogat,
1310 662 1457 726 alliget

161 752 325 798 aquas,
362 751 416 781 an
451 733 572 797 aquis
602 733 801 796 alligetur
832 733 922 795 ipsa
945 731 1135 779 :animal
1165 732 1215 779 {it
1246 749 1301 779 an
1333 732 1452 781 iners

161 824 327 870 corpus
345 841 359 865 ‚
390 818 432 852 et
452 807 537 852 sine
557 805 708 864 sensu,
736 805 912 868 plenum
940 804 1120 869 quidem
1142 804 1343 867 spiritus,
1377 806 1454 853 sed

162 880 291 927 alieni
309 897 322 935 3
343 891 386 926 et
416 893 558 927 cetera
582 878 830 926 huiusmodi
852 879 1056 943 quotiens
1076 879 1121 925 in
1140 895 1292 926 manus
1310 896 1452 926 vene-

161 953 279 1013 rint,
301 969 460 1000 terram
488 952 720 1016 sequentur
738 989 750 1012 ‚
783 966 825 1000 et
846 955 890 999 in
907 953 1004 1000 imis
1025 952 1372 1000 collocabuntur.
1392 956 1451 999 At

164 1025 242 1072 ubi
264 1036 495 1088 quaeretur
509 1058 522 1082 ‚
540 1025 636 1087 quis
662 1040 803 1072 terrae
824 1025 873 1072 sit
892 1025 990 1072 situs
1008 1060 1022 1082 ,
1047 1042 1132 1088 qua
1150 1036 1273 1088 parte
1293 1026 1453 1072 mundi

162 1099 400 1146 subsederit
418 1131 431 1154 ‚
455 1100 689 1162 quomodo
707 1100 912 1147 adversus
933 1100 1067 1146 fidem
1089 1100 1351 1161 coelumque
1372 1115 1456 1162 po-

164 1169 238 1216 fita
263 1170 338 1228 fit,
372 1170 478 1217 haec
505 1171 701 1234 quaestio
727 1172 842 1219 cedit
862 1172 1158 1235 superioribus
1175 1207 1190 1230 ,
1222 1184 1264 1219 et
1296 1173 1365 1232 (ut
1395 1172 1455 1218 ita

165 1250 331 1312 dicam)
364 1251 594 1298 meliorem
618 1251 919 1298 conditionem
952 1250 1155 1314 sequitur.

230 1326 282 1372 11.
310 1324 537 1385 Quoniam
562 1324 651 1370 dixi
678 1325 731 1370 de
758 1325 956 1386 partibus
973 1359 985 1379 ‚
1019 1324 1063 1369 in
1084 1339 1191 1386 quas
1217 1321 1458 1369 omnisrea

165 1414 265 1458 rum
295 1415 471 1446 naturae
502 1398 678 1454 materia
711 1397 956 1457 dividitur,
988 1398 1204 1461 quaedam
1240 1397 1286 1442 in
1323 1413 1456 1443 com-

166 1489 301 1520 mune
319 1472 414 1519 sunt
433 1472 616 1519 dicenda
629 1508 642 1530 ,
661 1486 705 1519 et
727 1472 814 1518 hoc
835 1473 1026 1534 primum
1060 1469 1421 1533 praesumendum
1440 1504 1456 1528 ‚

167 1544 282 1591 inter
313 1561 363 1591 ea
404 1562 597 1608 corpora
617 1579 630 1602 ‚
662 1561 686 1589 a
723 1543 882 1606 quibus
919 1544 1061 1590 unitas
1089 1542 1180 1598 est,
1224 1542 1323 1588 aeta
1356 1542 1459 1588 effe.

167 1618 292 1677 Quid
323 1618 372 1664 fit
405 1619 492 1664 hoc
517 1629 559 1664 et
592 1633 723 1680 quare
757 1616 1113 1678 praecipiendum
1142 1614 1302 1669 fuerit,
1324 1614 1461 1671 scies,

166 1689 197 1735 fi
225 1690 356 1751 paulo
384 1690 509 1736 altius
529 1689 774 1752 repetiero,
802 1704 845 1735 et
865 1689 1020 1734 dixero
1040 1687 1206 1750 aliquid
1238 1686 1321 1732 effe
1345 1703 1461 1733 con·

167 1763 371 1818 tinuum,
401 1762 566 1826 aliquid
604 1760 896 1808 commissum.
934 1758 1225 1806 Continuatio
1261 1758 1320 1804 est
1356 1776 1460 1822 par-

166 1836 277 1883 tium
309 1838 421 1883 inter
453 1836 495 1882 se
521 1851 614 1881 non
647 1834 884 1883 intermissa
911 1833 1178 1879 coniuraffio.
1218 1832 1372 1879 Unitas
1402 1833 1466 1880 est'

168 1909 257 1956 fine
293 1909 575 1956 commiffura
614 1907 921 1963 continuatio,
964 1919 1008 1952 et
1046 1907 1238 1952 duorum
1273 1906 1388 1953 inter
1418 1906 1462 1954 se

168 1982 509 2028 coniunctorum
546 1997 789 2043 corporum
832 1981 979 2026 taeius.
1017 1979 1251 2043 Numquid
1280 1980 1462 2026 dubium

169 2055 263 2113 est,
302 2054 409 2118 quin
440 2073 493 2102 ex
524 2054 589 2101 his
624 2054 889 2115 corporibus
924 2071 1034 2116 quae
1067 2053 1270 2100 videmus
1304 2057 1462 2100 traeta-

169 2145 354 2191 musque
371 2164 385 2185 ‚
414 2145 524 2190 quae
550 2139 621 2172 aut
652 2127 892 2173 sentiuntur
915 2140 986 2173 aut
1006 2127 1195 2173 sentiunt
1210 2163 1222 2180 ‚
1244 2128 1463 2189 quaedam

169 2200 251 2246 fint
276 2199 519 2262 composita
541 2200 558 2246 ἓ
586 2200 659 2245 ma
686 2200 883 2245 constant
902 2217 976 2246 aur
1008 2219 1123 2247 nexu
1143 2236 1156 2256 ‚
1179 2214 1251 2246 aut
1285 2218 1464 2249 acerva·

168 2273 290 2319 tione
310 2292 322 2319 ε
349 2286 393 2320 ut
420 2288 522 2335 puta
548 2273 685 2325 funis,
708 2270 975 2317 frumentum
992 2310 1004 2329 ‚
1030 2273 1168 2318 navis.
1188 2273 1350 2320 Rursus
1367 2290 1460 2320 non

168 2346 502 2409 compositazut
533 2345 693 2400 arbor,
723 2346 842 2407 lapis.
866 2349 983 2409 Ergo
1019 2348 1236 2408 concedes
1257 2344 1465 2409 oportet}

171 2435 227 2467 ex
251 2420 318 2469 his
353 2435 534 2483 quoque
561 2435 673 2482 quae
698 2418 866 2465 sensum
902 2418 1084 2482 quidem
1119 2417 1332 2483 effugiunt
1351 2454 1368 2476 ,
1388 2435 1465 2472 ρετ
