<?xml version="1.0" encoding="UTF-8"?>
<!DOCTYPE html PUBLIC "-//W3C//DTD XHTML 1.0 Transitional//EN"
    "http://www.w3.org/TR/xhtml1/DTD/xhtml1-transitional.dtd">
<html xmlns="http://www.w3.org/1999/xhtml" xml:lang="en" lang="en">
 <head>
  <title>
</title>
<meta http-equiv="Content-Type" content="text/html;charset=utf-8" />
  <meta name='ocr-system' content='tesseract 3.04.00' />
  <meta name='ocr-capabilities' content='ocr_page ocr_carea ocr_par ocr_line ocrx_word'/>
</head>
<body>
  <div class='ocr_page' id='page_1' title='image "./lannaeisenecaeph04seneuoft_0120.png"; bbox 0 0 1730 2870; ppageno 0'>
   <div class='ocr_carea' id='block_1_1' title="bbox 251 131 1321 193">
    <p class='ocr_par' dir='ltr' id='par_1_1' title="bbox 251 131 1321 193">
     <span class='ocr_line' id='line_1_1' title="bbox 251 131 1321 193; baseline -0.008 -15"><span class='ocrx_word' id='word_1_1' title='bbox 251 151 342 193; x_wconf 83' lang='lat'><strong>114</strong></span> <span class='ocrx_word' id='word_1_2' title='bbox 508 134 553 178; x_wconf 88' lang='lat' dir='ltr'><strong>L.</strong></span> <span class='ocrx_word' id='word_1_3' title='bbox 604 131 902 176; x_wconf 83' lang='lat' dir='ltr'><strong>ANNAEI</strong></span> <span class='ocrx_word' id='word_1_4' title='bbox 948 131 1321 177; x_wconf 61' lang='lat' dir='ltr'>SENECAE.</span> 
     </span>
    </p>
   </div>
   <div class='ocr_carea' id='block_1_2' title="bbox 243 236 1537 1458">
    <p class='ocr_par' dir='ltr' id='par_1_2' title="bbox 243 236 1537 1458">
     <span class='ocr_line' id='line_1_2' title="bbox 243 236 1528 295; baseline -0.002 -10"><span class='ocrx_word' id='word_1_5' title='bbox 243 238 377 285; x_wconf 84' lang='lat' dir='ltr'><strong>multa</strong></span> <span class='ocrx_word' id='word_1_6' title='bbox 405 237 672 285; x_wconf 86' lang='lat' dir='ltr'><strong>incrementa</strong></span> <span class='ocrx_word' id='word_1_7' title='bbox 692 272 706 293; x_wconf 90' lang='lat'>‚</span> <span class='ocrx_word' id='word_1_8' title='bbox 749 236 897 283; x_wconf 84' lang='lat' dir='ltr'><strong>ultima</strong></span> <span class='ocrx_word' id='word_1_9' title='bbox 928 236 1103 282; x_wconf 87' lang='lat' dir='ltr'><strong>demum</strong></span> <span class='ocrx_word' id='word_1_10' title='bbox 1136 237 1268 283; x_wconf 88' lang='lat' dir='ltr'><strong>vertit</strong></span> <span class='ocrx_word' id='word_1_11' title='bbox 1307 236 1528 295; x_wconf 73' lang='lat' dir='ltr'><strong>adiectio‚</strong></span> 
     </span>
     <span class='ocr_line' id='line_1_3' title="bbox 244 307 1525 371; baseline -0.004 -12"><span class='ocrx_word' id='word_1_12' title='bbox 244 325 290 359; x_wconf 91' lang='lat' dir='ltr'><strong>et</strong></span> <span class='ocrx_word' id='word_1_13' title='bbox 308 328 470 359; x_wconf 86' lang='lat' dir='ltr'><strong>novam</strong></span> <span class='ocrx_word' id='word_1_14' title='bbox 494 311 594 365; x_wconf 81' lang='lat' dir='ltr'><strong>illis,</strong></span> <span class='ocrx_word' id='word_1_15' title='bbox 615 309 833 371; x_wconf 77' lang='lat' dir='ltr'><strong>aliamque</strong></span> <span class='ocrx_word' id='word_1_16' title='bbox 849 343 862 366; x_wconf 87' lang='lat'>‚</span> <span class='ocrx_word' id='word_1_17' title='bbox 884 325 1013 370; x_wconf 87' lang='lat' dir='ltr'><strong>quam</strong></span> <span class='ocrx_word' id='word_1_18' title='bbox 1034 307 1079 353; x_wconf 87' lang='lat' dir='ltr'><strong>in</strong></span> <span class='ocrx_word' id='word_1_19' title='bbox 1100 325 1184 370; x_wconf 87' lang='lat' dir='ltr'><strong>qua</strong></span> <span class='ocrx_word' id='word_1_20' title='bbox 1204 309 1400 366; x_wconf 82' lang='lat' dir='ltr'><strong>fuerant,</strong></span> <span class='ocrx_word' id='word_1_21' title='bbox 1420 325 1525 354; x_wconf 86' lang='lat' dir='ltr'><strong>con·</strong></span> 
     </span>
     <span class='ocr_line' id='line_1_4' title="bbox 243 378 1531 443; baseline -0.002 -14"><span class='ocrx_word' id='word_1_22' title='bbox 243 382 456 430; x_wconf 82' lang='lat' dir='ltr'>ditionem</span> <span class='ocrx_word' id='word_1_23' title='bbox 480 379 705 443; x_wconf 84' lang='lat' dir='ltr'><strong>imprimit.</strong></span> <span class='ocrx_word' id='word_1_24' title='bbox 745 380 871 425; x_wconf 86' lang='lat' dir='ltr'><strong>Unus</strong></span> <span class='ocrx_word' id='word_1_25' title='bbox 904 378 1011 440; x_wconf 84' lang='lat' dir='ltr'><strong>lapis</strong></span> <span class='ocrx_word' id='word_1_26' title='bbox 1046 378 1148 426; x_wconf 90' lang='lat' dir='ltr'><strong>fecit</strong></span> <span class='ocrx_word' id='word_1_27' title='bbox 1181 379 1396 440; x_wconf 80' lang='lat' dir='ltr'><strong>fornicem</strong></span> <span class='ocrx_word' id='word_1_28' title='bbox 1417 416 1431 438; x_wconf 81' lang='lat'>‚</span> <span class='ocrx_word' id='word_1_29' title='bbox 1462 382 1531 427; x_wconf 85' lang='lat' dir='ltr'><strong>ille</strong></span> 
     </span>
     <span class='ocr_line' id='line_1_5' title="bbox 243 451 1527 520; baseline -0.002 -18"><span class='ocrx_word' id='word_1_30' title='bbox 243 457 319 520; x_wconf 82' lang='lat' dir='ltr'><strong>qui</strong></span> <span class='ocrx_word' id='word_1_31' title='bbox 355 457 486 502; x_wconf 83' lang='lat' dir='ltr'><strong>latera</strong></span> <span class='ocrx_word' id='word_1_32' title='bbox 531 453 736 500; x_wconf 83' lang='lat' dir='ltr'><strong>inclinata</strong></span> <span class='ocrx_word' id='word_1_33' title='bbox 783 451 1020 509; x_wconf 85' lang='lat' dir='ltr'>cuneavit,</span> <span class='ocrx_word' id='word_1_34' title='bbox 1064 464 1107 497; x_wconf 87' lang='lat' dir='ltr'><strong>et</strong></span> <span class='ocrx_word' id='word_1_35' title='bbox 1147 451 1398 500; x_wconf 80' lang='lat' dir='ltr'><strong>interventu</strong></span> <span class='ocrx_word' id='word_1_36' title='bbox 1449 452 1527 499; x_wconf 85' lang='lat' dir='ltr'><strong>suo</strong></span> 
     </span>
     <span class='ocr_line' id='line_1_6' title="bbox 244 524 1530 587; baseline -0.003 -10"><span class='ocrx_word' id='word_1_37' title='bbox 244 529 400 578; x_wconf 81' lang='lat' dir='ltr'><strong>vinxit.</strong></span> <span class='ocrx_word' id='word_1_38' title='bbox 434 530 612 575; x_wconf 83' lang='lat' dir='ltr'><strong>Summa</strong></span> <span class='ocrx_word' id='word_1_39' title='bbox 643 525 827 573; x_wconf 70' lang='lat' dir='ltr'><strong>adieffio</strong></span> <span class='ocrx_word' id='word_1_40' title='bbox 857 540 990 587; x_wconf 85' lang='lat' dir='ltr'><strong>quare</strong></span> <span class='ocrx_word' id='word_1_41' title='bbox 1026 524 1262 586; x_wconf 80' lang='lat' dir='ltr'><strong>plurimum</strong></span> <span class='ocrx_word' id='word_1_42' title='bbox 1294 525 1395 574; x_wconf 85' lang='lat' dir='ltr'><strong>facit</strong></span> <span class='ocrx_word' id='word_1_43' title='bbox 1415 559 1429 582; x_wconf 90' lang='lat'>‚</span> <span class='ocrx_word' id='word_1_44' title='bbox 1460 528 1530 575; x_wconf 88' lang='lat' dir='ltr'><strong>vel</strong></span> 
     </span>
     <span class='ocr_line' id='line_1_7' title="bbox 243 598 1531 666; baseline -0.003 -16"><span class='ocrx_word' id='word_1_45' title='bbox 243 601 434 666; x_wconf 83' lang='lat' dir='ltr'><strong>exigna?</strong></span> <span class='ocrx_word' id='word_1_46' title='bbox 457 602 558 665; x_wconf 83' lang='lat' dir='ltr'><strong>quia</strong></span> <span class='ocrx_word' id='word_1_47' title='bbox 586 617 676 648; x_wconf 91' lang='lat' dir='ltr'><strong>non</strong></span> <span class='ocrx_word' id='word_1_48' title='bbox 702 611 860 662; x_wconf 83' lang='lat' dir='ltr'><strong>auget,</strong></span> <span class='ocrx_word' id='word_1_49' title='bbox 881 598 953 646; x_wconf 89' lang='lat' dir='ltr'><strong>sed</strong></span> <span class='ocrx_word' id='word_1_50' title='bbox 987 598 1152 661; x_wconf 79' lang='lat' dir='ltr'><strong>implet.</strong></span> <span class='ocrx_word' id='word_1_51' title='bbox 1175 600 1402 658; x_wconf 79' lang='lat' dir='ltr'><strong>Quaedam</strong></span> <span class='ocrx_word' id='word_1_52' title='bbox 1422 617 1531 663; x_wconf 81' lang='lat' dir='ltr'><strong>pro-</strong></span> 
     </span>
     <span class='ocr_line' id='line_1_8' title="bbox 245 669 1530 738; baseline -0.003 -15"><span class='ocrx_word' id='word_1_53' title='bbox 245 676 363 724; x_wconf 79' lang='lat' dir='ltr'><strong>cestu</strong></span> <span class='ocrx_word' id='word_1_54' title='bbox 389 675 585 738; x_wconf 84' lang='lat' dir='ltr'><strong>priorem</strong></span> <span class='ocrx_word' id='word_1_55' title='bbox 614 684 780 719; x_wconf 83' lang='lat' dir='ltr'><strong>exuunt</strong></span> <span class='ocrx_word' id='word_1_56' title='bbox 801 670 1024 727; x_wconf 85' lang='lat' dir='ltr'><strong>formam,</strong></span> <span class='ocrx_word' id='word_1_57' title='bbox 1049 684 1091 717; x_wconf 90' lang='lat' dir='ltr'><strong>et</strong></span> <span class='ocrx_word' id='word_1_58' title='bbox 1114 669 1159 715; x_wconf 91' lang='lat' dir='ltr'><strong>in</strong></span> <span class='ocrx_word' id='word_1_59' title='bbox 1186 687 1352 718; x_wconf 81' lang='lat' dir='ltr'><strong>novam</strong></span> <span class='ocrx_word' id='word_1_60' title='bbox 1388 688 1530 720; x_wconf 80' lang='lat' dir='ltr'><strong>trans-</strong></span> 
     </span>
     <span class='ocr_line' id='line_1_9' title="bbox 245 741 1531 817; baseline -0.002 -24"><span class='ocrx_word' id='word_1_61' title='bbox 245 760 361 794; x_wconf 84' lang='lat' dir='ltr'><strong>eunt.</strong></span> <span class='ocrx_word' id='word_1_62' title='bbox 409 745 500 792; x_wconf 87' lang='lat' dir='ltr'><strong>Ubi</strong></span> <span class='ocrx_word' id='word_1_63' title='bbox 533 744 703 790; x_wconf 81' lang='lat' dir='ltr'><strong>animus</strong></span> <span class='ocrx_word' id='word_1_64' title='bbox 735 742 900 804; x_wconf 83' lang='lat' dir='ltr'><strong>aliquid</strong></span> <span class='ocrx_word' id='word_1_65' title='bbox 927 741 1000 787; x_wconf 80' lang='lat' dir='ltr'><strong>diu</strong></span> <span class='ocrx_word' id='word_1_66' title='bbox 1035 741 1249 803; x_wconf 77' lang='lat' dir='ltr'><strong>protulit,</strong></span> <span class='ocrx_word' id='word_1_67' title='bbox 1278 758 1321 789; x_wconf 89' lang='lat' dir='ltr'><strong>et</strong></span> <span class='ocrx_word' id='word_1_68' title='bbox 1359 746 1531 817; x_wconf 80' lang='lat' dir='ltr'><strong>magni-</strong></span> 
     </span>
     <span class='ocr_line' id='line_1_10' title="bbox 244 812 1532 878; baseline -0.003 -12"><span class='ocrx_word' id='word_1_69' title='bbox 244 819 442 867; x_wconf 80' lang='lat' dir='ltr'><strong>tudinem</strong></span> <span class='ocrx_word' id='word_1_70' title='bbox 479 817 572 863; x_wconf 85' lang='lat' dir='ltr'><strong>eius</strong></span> <span class='ocrx_word' id='word_1_71' title='bbox 593 815 816 878; x_wconf 85' lang='lat' dir='ltr'><strong>sequendo</strong></span> <span class='ocrx_word' id='word_1_72' title='bbox 849 812 1019 858; x_wconf 70' lang='lat' dir='ltr'><strong>lassatus</strong></span> <span class='ocrx_word' id='word_1_73' title='bbox 1055 813 1144 867; x_wconf 92' lang='lat' dir='ltr'><strong>est,</strong></span> <span class='ocrx_word' id='word_1_74' title='bbox 1173 812 1394 860; x_wconf 85' lang='lat' dir='ltr'><strong>infinitum</strong></span> <span class='ocrx_word' id='word_1_75' title='bbox 1429 832 1532 863; x_wconf 88' lang='lat' dir='ltr'><strong>coe-</strong></span> 
     </span>
     <span class='ocr_line' id='line_1_11' title="bbox 246 885 1532 955; baseline -0.002 -18"><span class='ocrx_word' id='word_1_76' title='bbox 246 892 310 955; x_wconf 89' lang='lat' dir='ltr'><strong>pit</strong></span> <span class='ocrx_word' id='word_1_77' title='bbox 331 890 506 942; x_wconf 86' lang='lat' dir='ltr'><strong>vocari3</strong></span> <span class='ocrx_word' id='word_1_78' title='bbox 540 888 664 952; x_wconf 85' lang='lat' dir='ltr'><strong>quod</strong></span> <span class='ocrx_word' id='word_1_79' title='bbox 695 886 824 949; x_wconf 84' lang='lat' dir='ltr'><strong>longe</strong></span> <span class='ocrx_word' id='word_1_80' title='bbox 856 885 971 931; x_wconf 82' lang='lat' dir='ltr'><strong>aliud</strong></span> <span class='ocrx_word' id='word_1_81' title='bbox 1003 885 1162 932; x_wconf 61' lang='lat' dir='ltr'><strong>factum</strong></span> <span class='ocrx_word' id='word_1_82' title='bbox 1194 885 1255 932; x_wconf 84' lang='lat' dir='ltr'><strong>est</strong></span> <span class='ocrx_word' id='word_1_83' title='bbox 1275 904 1404 949; x_wconf 88' lang='lat' dir='ltr'><strong>quam</strong></span> <span class='ocrx_word' id='word_1_84' title='bbox 1426 887 1532 945; x_wconf 82' lang='lat' dir='ltr'><strong>fuir,</strong></span> 
     </span>
     <span class='ocr_line' id='line_1_12' title="bbox 246 957 1532 1025; baseline -0.005 -14"><span class='ocrx_word' id='word_1_85' title='bbox 246 981 347 1011; x_wconf 89' lang='lat' dir='ltr'><strong>cum</strong></span> <span class='ocrx_word' id='word_1_86' title='bbox 379 978 583 1025; x_wconf 84' lang='lat' dir='ltr'><strong>magnum</strong></span> <span class='ocrx_word' id='word_1_87' title='bbox 613 959 865 1014; x_wconf 83' lang='lat' dir='ltr'><strong>videretur,</strong></span> <span class='ocrx_word' id='word_1_88' title='bbox 886 958 960 1004; x_wconf 87' lang='lat' dir='ltr'><strong>sed</strong></span> <span class='ocrx_word' id='word_1_89' title='bbox 989 957 1173 1004; x_wconf 88' lang='lat' dir='ltr'><strong>finitum.</strong></span> <span class='ocrx_word' id='word_1_90' title='bbox 1196 959 1364 1004; x_wconf 88' lang='lat' dir='ltr'><strong>Eodem</strong></span> <span class='ocrx_word' id='word_1_91' title='bbox 1393 960 1532 1005; x_wconf 89' lang='lat' dir='ltr'><strong>modo</strong></span> 
     </span>
     <span class='ocr_line' id='line_1_13' title="bbox 245 1030 1531 1101; baseline -0.004 -18"><span class='ocrx_word' id='word_1_92' title='bbox 245 1035 408 1101; x_wconf 85' lang='lat' dir='ltr'><strong>aliquid</strong></span> <span class='ocrx_word' id='word_1_93' title='bbox 438 1032 670 1081; x_wconf 80' lang='lat' dir='ltr'><strong>difficulter</strong></span> <span class='ocrx_word' id='word_1_94' title='bbox 694 1030 827 1077; x_wconf 87' lang='lat' dir='ltr'><strong>secari</strong></span> <span class='ocrx_word' id='word_1_95' title='bbox 858 1031 1172 1094; x_wconf 80' lang='lat' dir='ltr'><strong>cogitavimus:</strong></span> <span class='ocrx_word' id='word_1_96' title='bbox 1194 1030 1426 1078; x_wconf 87' lang='lat' dir='ltr'><strong>noviffime</strong></span> <span class='ocrx_word' id='word_1_97' title='bbox 1443 1049 1531 1079; x_wconf 91' lang='lat' dir='ltr'><strong>cre-</strong></span> 
     </span>
     <span class='ocr_line' id='line_1_14' title="bbox 251 1103 1532 1159; baseline -0.003 -5"><span class='ocrx_word' id='word_1_98' title='bbox 251 1108 396 1155; x_wconf 84' lang='lat' dir='ltr'><strong>scente</strong></span> <span class='ocrx_word' id='word_1_99' title='bbox 436 1105 691 1152; x_wconf 81' lang='lat' dir='ltr'><strong>difficultate</strong></span> <span class='ocrx_word' id='word_1_100' title='bbox 713 1136 727 1159; x_wconf 90' lang='lat'>‚</span> <span class='ocrx_word' id='word_1_101' title='bbox 765 1103 995 1150; x_wconf 79' lang='lat' dir='ltr'><strong>insecabile</strong></span> <span class='ocrx_word' id='word_1_102' title='bbox 1019 1104 1248 1150; x_wconf 81' lang='lat' dir='ltr'><strong>inventum</strong></span> <span class='ocrx_word' id='word_1_103' title='bbox 1283 1103 1353 1150; x_wconf 86' lang='lat' dir='ltr'><strong>est.</strong></span> <span class='ocrx_word' id='word_1_104' title='bbox 1382 1104 1450 1151; x_wconf 83' lang='lat' dir='ltr'><strong>Sic</strong></span> <span class='ocrx_word' id='word_1_105' title='bbox 1480 1106 1532 1150; x_wconf 82' lang='lat' dir='ltr'><strong>ab</strong></span> 
     </span>
     <span class='ocr_line' id='line_1_15' title="bbox 247 1176 1533 1240; baseline -0.002 -15"><span class='ocrx_word' id='word_1_106' title='bbox 247 1195 304 1225; x_wconf 89' lang='lat' dir='ltr'><strong>eo</strong></span> <span class='ocrx_word' id='word_1_107' title='bbox 340 1178 462 1240; x_wconf 82' lang='lat' dir='ltr'><strong>quod</strong></span> <span class='ocrx_word' id='word_1_108' title='bbox 495 1177 573 1224; x_wconf 85' lang='lat' dir='ltr'><strong>vix</strong></span> <span class='ocrx_word' id='word_1_109' title='bbox 607 1187 648 1221; x_wconf 92' lang='lat' dir='ltr'><strong>et</strong></span> <span class='ocrx_word' id='word_1_110' title='bbox 673 1191 801 1238; x_wconf 84' lang='lat' dir='ltr'><strong>aegre</strong></span> <span class='ocrx_word' id='word_1_111' title='bbox 830 1177 1122 1230; x_wconf 72' lang='lat' dir='ltr'><strong>movebatur,</strong></span> <span class='ocrx_word' id='word_1_112' title='bbox 1153 1176 1439 1237; x_wconf 83' lang='lat' dir='ltr'><strong>proceffimus</strong></span> <span class='ocrx_word' id='word_1_113' title='bbox 1478 1178 1533 1222; x_wconf 86' lang='lat' dir='ltr'><strong>ad</strong></span> 
     </span>
     <span class='ocr_line' id='line_1_16' title="bbox 247 1247 1536 1311; baseline -0.002 -14"><span class='ocrx_word' id='word_1_114' title='bbox 247 1249 491 1297; x_wconf 87' lang='lat' dir='ltr'><strong>immobile.</strong></span> <span class='ocrx_word' id='word_1_115' title='bbox 538 1249 699 1294; x_wconf 84' lang='lat' dir='ltr'><strong>Eadem</strong></span> <span class='ocrx_word' id='word_1_116' title='bbox 729 1247 901 1294; x_wconf 81' lang='lat' dir='ltr'><strong>ratione</strong></span> <span class='ocrx_word' id='word_1_117' title='bbox 937 1248 1100 1311; x_wconf 83' lang='lat' dir='ltr'><strong>aliquid</strong></span> <span class='ocrx_word' id='word_1_118' title='bbox 1131 1248 1366 1295; x_wconf 85' lang='lat' dir='ltr'><strong>secundum</strong></span> <span class='ocrx_word' id='word_1_119' title='bbox 1407 1266 1536 1296; x_wconf 77' lang='lat' dir='ltr'><strong>natu-</strong></span> 
     </span>
     <span class='ocr_line' id='line_1_17' title="bbox 249 1320 1537 1385; baseline 0 -16"><span class='ocrx_word' id='word_1_120' title='bbox 249 1340 341 1369; x_wconf 88' lang='lat' dir='ltr'><strong>ram</strong></span> <span class='ocrx_word' id='word_1_121' title='bbox 375 1321 483 1369; x_wconf 82' lang='lat' dir='ltr'><strong>fuit:</strong></span> <span class='ocrx_word' id='word_1_122' title='bbox 503 1322 589 1367; x_wconf 82' lang='lat' dir='ltr'><strong>hoc</strong></span> <span class='ocrx_word' id='word_1_123' title='bbox 610 1321 653 1366; x_wconf 90' lang='lat' dir='ltr'><strong>in</strong></span> <span class='ocrx_word' id='word_1_124' title='bbox 673 1320 801 1366; x_wconf 82' lang='lat' dir='ltr'><strong>aliam</strong></span> <span class='ocrx_word' id='word_1_125' title='bbox 832 1321 1150 1384; x_wconf 82' lang='lat' dir='ltr'><strong>proprietatem</strong></span> <span class='ocrx_word' id='word_1_126' title='bbox 1181 1321 1437 1385; x_wconf 77' lang='lat' dir='ltr'><strong>magnitudo</strong></span> <span class='ocrx_word' id='word_1_127' title='bbox 1465 1322 1537 1369; x_wconf 81' lang='lat' dir='ltr'><strong>sua</strong></span> 
     </span>
     <span class='ocr_line' id='line_1_18' title="bbox 250 1395 898 1458; baseline -0.006 -13"><span class='ocrx_word' id='word_1_128' title='bbox 250 1397 491 1458; x_wconf 83' lang='lat' dir='ltr'><strong>transtulit,</strong></span> <span class='ocrx_word' id='word_1_129' title='bbox 515 1409 558 1444; x_wconf 89' lang='lat' dir='ltr'><strong>et</strong></span> <span class='ocrx_word' id='word_1_130' title='bbox 585 1397 751 1444; x_wconf 89' lang='lat' dir='ltr'><strong>bonum</strong></span> <span class='ocrx_word' id='word_1_131' title='bbox 781 1395 898 1442; x_wconf 85' lang='lat' dir='ltr'><strong>fecit.</strong></span> 
     </span>
    </p>
   </div>
   <div class='ocr_carea' id='block_1_3' title="bbox 512 1534 1273 1582">
    <p class='ocr_par' dir='ltr' id='par_1_3' title="bbox 512 1534 1273 1582">
     <span class='ocr_line' id='line_1_19' title="bbox 512 1534 1273 1582; baseline 0.001 -2"><span class='ocrx_word' id='word_1_132' title='bbox 512 1537 989 1581; x_wconf 81' lang='lat' dir='ltr'><strong>EPISTOLA</strong></span> <span class='ocrx_word' id='word_1_133' title='bbox 1068 1534 1273 1582; x_wconf 85' lang='lat' dir='ltr'><strong>CXIX.</strong></span> 
     </span>
    </p>
   </div>
   <div class='ocr_carea' id='block_1_4' title="bbox 254 1655 1540 1949">
    <p class='ocr_par' dir='ltr' id='par_1_4' title="bbox 254 1655 1540 1949">
     <span class='ocr_line' id='line_1_20' title="bbox 254 1655 1537 1729; baseline -0.004 -15"><span class='ocrx_word' id='word_1_134' title='bbox 254 1666 460 1714; x_wconf 76' lang='lat' dir='ltr'><strong>Divitias</strong></span> <span class='ocrx_word' id='word_1_135' title='bbox 486 1682 513 1710; x_wconf 87' lang='lat' dir='ltr'><strong>a</strong></span> <span class='ocrx_word' id='word_1_136' title='bbox 546 1655 667 1711; x_wconf 64' lang='lat' dir='ltr'><strong>nobis</strong></span> <span class='ocrx_word' id='word_1_137' title='bbox 691 1666 781 1726; x_wconf 84' lang='lat' dir='ltr'><strong>peti</strong></span> <span class='ocrx_word' id='word_1_138' title='bbox 805 1662 942 1729; x_wconf 76' lang='lat' dir='ltr'><strong>poffl,</strong></span> <span class='ocrx_word' id='word_1_139' title='bbox 976 1681 1011 1710; x_wconf 82' lang='lat' dir='ltr'><strong>et</strong></span> <span class='ocrx_word' id='word_1_140' title='bbox 1049 1667 1211 1726; x_wconf 80' lang='lat' dir='ltr'><strong>accipi,</strong></span> <span class='ocrx_word' id='word_1_141' title='bbox 1245 1667 1312 1711; x_wconf 81' lang='lat' dir='ltr'><strong>nil</strong></span> <span class='ocrx_word' id='word_1_142' title='bbox 1331 1665 1537 1725; x_wconf 75' lang='lat' dir='ltr'><strong>superva-</strong></span> 
     </span>
     <span class='ocr_line' id='line_1_21' title="bbox 320 1739 1539 1800; baseline -0.002 -14"><span class='ocrx_word' id='word_1_143' title='bbox 320 1759 440 1786; x_wconf 85' lang='lat' dir='ltr'><strong>cuum</strong></span> <span class='ocrx_word' id='word_1_144' title='bbox 464 1742 649 1799; x_wconf 79' lang='lat' dir='ltr'><strong>petendo.</strong></span> <span class='ocrx_word' id='word_1_145' title='bbox 681 1741 829 1784; x_wconf 82' lang='lat' dir='ltr'><strong>Finem</strong></span> <span class='ocrx_word' id='word_1_146' title='bbox 861 1742 1044 1785; x_wconf 81' lang='lat' dir='ltr'><strong>onmium</strong></span> <span class='ocrx_word' id='word_1_147' title='bbox 1082 1757 1207 1784; x_wconf 82' lang='lat' dir='ltr'><strong>rerum</strong></span> <span class='ocrx_word' id='word_1_148' title='bbox 1235 1739 1539 1800; x_wconf 53' lang='lat' dir='ltr'><strong>sf&#39;yeffandum,</strong></span> 
     </span>
     <span class='ocr_line' id='line_1_22' title="bbox 321 1812 1540 1872; baseline -0.002 -15"><span class='ocrx_word' id='word_1_149' title='bbox 321 1813 392 1872; x_wconf 82' lang='lat' dir='ltr'><strong>qui</strong></span> <span class='ocrx_word' id='word_1_150' title='bbox 408 1813 619 1856; x_wconf 84' lang='lat' dir='ltr'><strong>Naturam</strong></span> <span class='ocrx_word' id='word_1_151' title='bbox 639 1829 725 1855; x_wconf 81' lang='lat' dir='ltr'><strong>non</strong></span> <span class='ocrx_word' id='word_1_152' title='bbox 750 1812 922 1856; x_wconf 79' lang='lat' dir='ltr'><strong>excedit.</strong></span> <span class='ocrx_word' id='word_1_153' title='bbox 947 1813 1062 1855; x_wconf 84' lang='lat' dir='ltr'><strong>Satis</strong></span> <span class='ocrx_word' id='word_1_154' title='bbox 1088 1829 1132 1855; x_wconf 80' lang='lat' dir='ltr'><strong>ea</strong></span> <span class='ocrx_word' id='word_1_155' title='bbox 1149 1813 1309 1864; x_wconf 76' lang='lat' dir='ltr'><strong>habere,</strong></span> <span class='ocrx_word' id='word_1_156' title='bbox 1331 1829 1416 1856; x_wconf 74' lang='lat' dir='ltr'><strong>non</strong></span> <span class='ocrx_word' id='word_1_157' title='bbox 1432 1815 1540 1855; x_wconf 78' lang='lat' dir='ltr'><strong>mul-</strong></span> 
     </span>
     <span class='ocr_line' id='line_1_23' title="bbox 322 1885 1539 1949; baseline 0.001 -20"><span class='ocrx_word' id='word_1_158' title='bbox 322 1900 436 1940; x_wconf 86' lang='lat' dir='ltr'><strong>tum,</strong></span> <span class='ocrx_word' id='word_1_159' title='bbox 459 1886 628 1945; x_wconf 83' lang='lat' dir='ltr'><strong>quaerit.</strong></span> <span class='ocrx_word' id='word_1_160' title='bbox 669 1885 860 1949; x_wconf 82' lang='lat' dir='ltr'><strong>Ostendit</strong></span> <span class='ocrx_word' id='word_1_161' title='bbox 881 1886 1028 1928; x_wconf 79' lang='lat' dir='ltr'><strong>deinde</strong></span> <span class='ocrx_word' id='word_1_162' title='bbox 1054 1885 1203 1930; x_wconf 76' lang='lat' dir='ltr'><strong>divites</strong></span> <span class='ocrx_word' id='word_1_163' title='bbox 1235 1887 1357 1946; x_wconf 75' lang='lat' dir='ltr'><strong>vulgo</strong></span> <span class='ocrx_word' id='word_1_164' title='bbox 1371 1921 1384 1941; x_wconf 81' lang='lat'>,</span> <span class='ocrx_word' id='word_1_165' title='bbox 1401 1903 1539 1930; x_wconf 80' lang='lat' dir='ltr'><strong>omnes</strong></span> 
     </span>
    </p>
   </div>
   <div class='ocr_carea' id='block_1_5' title="bbox 314 1955 1538 2021">
    <p class='ocr_par' dir='ltr' id='par_1_5' title="bbox 314 1955 1538 2021">
     <span class='ocr_line' id='line_1_24' title="bbox 314 1955 1538 2021; baseline 0.001 -19"><span class='ocrx_word' id='word_1_166' title='bbox 314 1975 514 2019; x_wconf 79' lang='lat' dir='ltr'><strong>pauperes</strong></span> <span class='ocrx_word' id='word_1_167' title='bbox 543 1955 624 2021; x_wconf 76' lang='lat' dir='ltr'><strong>effi.</strong></span> <span class='ocrx_word' id='word_1_168' title='bbox 656 1959 865 2016; x_wconf 77' lang='lat' dir='ltr'><strong>Pulchra,</strong></span> <span class='ocrx_word' id='word_1_169' title='bbox 897 1973 932 2002; x_wconf 82' lang='lat' dir='ltr'><strong>et</strong></span> <span class='ocrx_word' id='word_1_170' title='bbox 951 1955 1099 2020; x_wconf 81' lang='lat' dir='ltr'><strong>(Deus</strong></span> <span class='ocrx_word' id='word_1_171' title='bbox 1125 1961 1224 2003; x_wconf 80' lang='lat' dir='ltr'><strong>bone</strong></span> <span class='ocrx_word' id='word_1_172' title='bbox 1244 1957 1288 2021; x_wconf 81' lang='lat' dir='ltr'><strong>l)</strong></span> <span class='ocrx_word' id='word_1_173' title='bbox 1310 1977 1403 2005; x_wconf 75' lang='lat' dir='ltr'><strong>vera</strong></span> <span class='ocrx_word' id='word_1_174' title='bbox 1417 1960 1538 2018; x_wconf 73' lang='lat' dir='ltr'><strong>fimt.</strong></span> 
     </span>
    </p>
   </div>
   <div class='ocr_carea' id='block_1_6' title="bbox 254 2127 1543 2485">
    <p class='ocr_par' dir='ltr' id='par_1_6' title="bbox 254 2127 1543 2485">
     <span class='ocr_line' id='line_1_25' title="bbox 403 2127 1540 2192; baseline 0 -15"><span class='ocrx_word' id='word_1_175' title='bbox 403 2143 584 2177; x_wconf 80' lang='lat' dir='ltr'><strong>UOTtEs</strong></span> <span class='ocrx_word' id='word_1_176' title='bbox 619 2128 784 2192; x_wconf 85' lang='lat' dir='ltr'><strong>aliquid</strong></span> <span class='ocrx_word' id='word_1_177' title='bbox 816 2128 995 2185; x_wconf 89' lang='lat' dir='ltr'><strong>inveni,</strong></span> <span class='ocrx_word' id='word_1_178' title='bbox 1033 2145 1124 2176; x_wconf 90' lang='lat' dir='ltr'><strong>non</strong></span> <span class='ocrx_word' id='word_1_179' title='bbox 1161 2127 1366 2191; x_wconf 64' lang='lat' dir='ltr'><strong>exspesso</strong></span> <span class='ocrx_word' id='word_1_180' title='bbox 1396 2129 1540 2177; x_wconf 86' lang='lat' dir='ltr'><strong>donec</strong></span> 
     </span>
     <span class='ocr_line' id='line_1_26' title="bbox 257 2200 1543 2265; baseline -0.002 -15"><span class='ocrx_word' id='word_1_181' title='bbox 257 2203 376 2251; x_wconf 83' lang='lat' dir='ltr'><strong>dicas</strong></span> <span class='ocrx_word' id='word_1_182' title='bbox 392 2239 406 2262; x_wconf 93' lang='lat'>,</span> <span class='ocrx_word' id='word_1_183' title='bbox 429 2205 478 2249; x_wconf 90' lang='lat' dir='ltr'><strong>In</strong></span> <span class='ocrx_word' id='word_1_184' title='bbox 500 2218 739 2250; x_wconf 87' lang='lat' dir='ltr'><strong>commune</strong></span> <span class='ocrx_word' id='word_1_185' title='bbox 759 2219 770 2248; x_wconf 71' lang='grc' dir='ltr'><strong>ε</strong></span> <span class='ocrx_word' id='word_1_186' title='bbox 809 2201 900 2265; x_wconf 90' lang='lat' dir='ltr'><strong>ipse</strong></span> <span class='ocrx_word' id='word_1_187' title='bbox 930 2200 1039 2248; x_wconf 89' lang='lat' dir='ltr'><strong>mihi</strong></span> <span class='ocrx_word' id='word_1_188' title='bbox 1066 2202 1183 2248; x_wconf 75' lang='lat' dir='ltr'><strong>dico·</strong></span> <span class='ocrx_word' id='word_1_189' title='bbox 1203 2201 1324 2262; x_wconf 87' lang='lat' dir='ltr'><strong>Quid</strong></span> <span class='ocrx_word' id='word_1_190' title='bbox 1354 2201 1403 2248; x_wconf 87' lang='lat' dir='ltr'><strong>fit</strong></span> <span class='ocrx_word' id='word_1_191' title='bbox 1421 2202 1543 2265; x_wconf 86' lang='lat' dir='ltr'><strong>quod</strong></span> 
     </span>
     <span class='ocr_line' id='line_1_27' title="bbox 254 2273 1540 2339; baseline -0.003 -16"><span class='ocrx_word' id='word_1_192' title='bbox 254 2274 502 2324; x_wconf 76' lang='lat' dir='ltr'><strong>invenerim</strong></span> <span class='ocrx_word' id='word_1_193' title='bbox 518 2311 532 2334; x_wconf 89' lang='lat'>‚</span> <span class='ocrx_word' id='word_1_194' title='bbox 551 2274 757 2339; x_wconf 80' lang='lat' dir='ltr'><strong>quaeris?</strong></span> <span class='ocrx_word' id='word_1_195' title='bbox 790 2274 927 2321; x_wconf 86' lang='lat' dir='ltr'><strong>finum</strong></span> <span class='ocrx_word' id='word_1_196' title='bbox 954 2274 1069 2333; x_wconf 86' lang='lat' dir='ltr'><strong>laxa,</strong></span> <span class='ocrx_word' id='word_1_197' title='bbox 1094 2290 1263 2320; x_wconf 89' lang='lat' dir='ltr'><strong>merum</strong></span> <span class='ocrx_word' id='word_1_198' title='bbox 1281 2273 1448 2320; x_wconf 90' lang='lat' dir='ltr'><strong>lucrum</strong></span> <span class='ocrx_word' id='word_1_199' title='bbox 1469 2273 1540 2320; x_wconf 85' lang='lat' dir='ltr'><strong>est.</strong></span> 
     </span>
     <span class='ocr_line' id='line_1_28' title="bbox 255 2346 1539 2411; baseline -0.003 -14"><span class='ocrx_word' id='word_1_200' title='bbox 255 2348 455 2397; x_wconf 90' lang='lat' dir='ltr'><strong>Docebo</strong></span> <span class='ocrx_word' id='word_1_201' title='bbox 481 2348 715 2411; x_wconf 89' lang='lat' dir='ltr'><strong>quomodo</strong></span> <span class='ocrx_word' id='word_1_202' title='bbox 735 2346 831 2394; x_wconf 85' lang='lat' dir='ltr'><strong>fieri</strong></span> <span class='ocrx_word' id='word_1_203' title='bbox 852 2347 977 2396; x_wconf 90' lang='lat' dir='ltr'><strong>dives</strong></span> <span class='ocrx_word' id='word_1_204' title='bbox 999 2346 1223 2395; x_wconf 83' lang='lat' dir='ltr'><strong>celerrime</strong></span> <span class='ocrx_word' id='word_1_205' title='bbox 1243 2346 1375 2409; x_wconf 86' lang='lat' dir='ltr'><strong>poffis</strong></span> <span class='ocrx_word' id='word_1_206' title='bbox 1388 2381 1402 2404; x_wconf 93' lang='lat'>‚</span> <span class='ocrx_word' id='word_1_207' title='bbox 1417 2346 1539 2410; x_wconf 79' lang='lat' dir='ltr'><strong>quod</strong></span> 
     </span>
     <span class='ocr_line' id='line_1_29' title="bbox 260 2418 1539 2485; baseline 0 -18"><span class='ocrx_word' id='word_1_208' title='bbox 260 2421 390 2473; x_wconf 84' lang='lat' dir='ltr'><strong>valde</strong></span> <span class='ocrx_word' id='word_1_209' title='bbox 415 2422 541 2485; x_wconf 87' lang='lat' dir='ltr'><strong>cupis</strong></span> <span class='ocrx_word' id='word_1_210' title='bbox 567 2421 728 2469; x_wconf 86' lang='lat' dir='ltr'><strong>audire.</strong></span> <span class='ocrx_word' id='word_1_211' title='bbox 767 2421 864 2470; x_wconf 85' lang='lat' dir='ltr'><strong>Nec</strong></span> <span class='ocrx_word' id='word_1_212' title='bbox 894 2420 1144 2470; x_wconf 89' lang='lat' dir='ltr'><strong>immerito:</strong></span> <span class='ocrx_word' id='word_1_213' title='bbox 1175 2420 1229 2467; x_wconf 80' lang='lat' dir='ltr'><strong>ad</strong></span> <span class='ocrx_word' id='word_1_214' title='bbox 1261 2418 1471 2466; x_wconf 77' lang='lat' dir='ltr'><strong>maximas</strong></span> <span class='ocrx_word' id='word_1_215' title='bbox 1500 2432 1539 2467; x_wconf 79' lang='lat' dir='ltr'><strong>te</strong></span> 
     </span>
    </p>
   </div>
  </div>
 </body>
</html>
