1730 2870
336 105 601 152 NATUR.
651 103 954 163 QUAEST.
1000 103 1121 150 Lm.
1156 103 1232 147 vr.
1333 115 1420 160 341

144 211 345 261 adnotari
375 225 498 275 putet
512 245 527 269 ‚
554 211 708 258 fastam
730 210 816 258 effe
835 211 1072 275 aequaliter
1090 211 1143 257 ab
1162 210 1256 257 imo
1275 209 1329 255 ad
1351 225 1425 255 ca-

139 299 219 347 put
240 285 286 331 in
303 298 447 348 partes
465 285 569 330 duas
593 283 770 331 statuam
788 285 805 331 ?
839 287 990 344 Quare
1008 296 1152 330 tamen
1178 299 1254 346 per
1278 282 1424 345 plures

140 358 231 404 dies
267 373 414 404 motus
445 356 561 404 fuit?
595 358 700 404 Non
737 357 858 403 defiit
889 358 1006 403 enim
1035 356 1195 402 affidue
1236 368 1423 402 tremere

139 430 378 492 Campania
394 462 408 484 ‚
435 428 690 475 clementius
708 428 886 492 quidem
906 463 919 485 ,
947 428 1019 474 sed
1037 427 1203 489 ingenti
1229 426 1393 472 damno
1407 459 1423 481 ,

138 502 238 564 quia
265 501 400 564 pressa
431 513 473 547 et
505 500 647 563 quassa
684 500 908 563 quatiebat
937 516 948 545 :
979 499 1137 562 quibus
1172 498 1227 544 ad
1263 497 1422 544 caden-

138 574 244 620 dum
274 574 384 621 male
415 573 649 630 stantibus,
689 590 782 618 non
813 587 904 620 erat
938 571 1134 634 impelli,
1167 570 1240 617 sed
1260 568 1426 633 agitari.

140 646 354 693 Nondum
381 647 583 695 videlicet
609 646 778 710 spiritus
801 646 947 692 omnis
965 645 1127 692 exierat
1148 676 1162 700 ‚
1191 644 1262 691 sed
1284 644 1425 691 adhue

139 718 292 765 omissa
325 731 445 782 parte
466 720 631 765 maiore
659 718 903 765 oberrabat.

203 790 383 837 XXXI.
412 794 526 838 Inter
552 802 808 854 argumenta
830 789 990 853 quibus
1008 788 1243 852 probatur,
1270 786 1425 850 spiritu

137 861 213 908 ista
236 862 354 919 fieri,
382 880 471 910 non
493 862 555 910 est
579 862 703 927 quod
729 862 901 909 dubites
926 876 967 910 et
987 864 1072 909 boc
1092 877 1274 925 ponere.
1305 861 1422 906 Cum

137 935 355 982 maximus
374 935 514 983 editus
541 949 708 981 tremor
735 934 797 981 est
814 970 828 992 ,
860 951 953 998 quo
978 935 1027 982 in
1055 934 1184 981 urbes
1203 932 1422 995 terrasque

137 1002 348 1055 saevitum
368 1007 456 1064 est,
484 1024 578 1054 non
604 1007 747 1071 potest
772 1024 849 1070 par
874 1007 933 1054 illi
952 1007 1151 1071 subsequi
1181 1006 1316 1063 alius,
1348 1003 1423 1051 sed

138 1079 234 1141 post
253 1079 498 1127 maximum
527 1079 649 1126 leves
671 1091 816 1126 motus
845 1079 967 1136 sunt,
996 1079 1096 1142 quia
1120 1076 1422 1127 vehementius

136 1152 302 1199 exitum
326 1152 471 1201 ventis
496 1152 759 1199 luRantibus
782 1151 900 1200 fecit.
927 1153 1154 1216 Reliquiae
1176 1151 1332 1198 deinde
1351 1167 1422 1197 re-

136 1224 243 1270 fidui
273 1224 444 1287 spiritus
475 1240 565 1270 non
585 1225 700 1271 idem
727 1224 930 1288 possunt,
962 1241 1041 1272 nec
1065 1225 1145 1272 illis
1165 1241 1311 1288 pugna
1329 1224 1418 1270 est:

135 1313 239 1344 cum
258 1296 345 1344 iarn
370 1296 490 1346 viam
508 1296 757 1344 invenerint
774 1333 786 1355 ,
816 1297 1135 1361 sequanturque
1152 1314 1203 1345 ea
1222 1313 1306 1360 qua
1328 1296 1420 1360 pri-

137 1386 209 1417 ma
239 1369 305 1417 vis
335 1387 385 1417 ac
405 1370 594 1417 maxima
619 1370 764 1417 evasit.
795 1370 898 1417 Hoc
929 1387 1107 1434 quoque
1126 1370 1307 1434 dignum
1327 1385 1421 1416 me-

138 1442 281 1489 moria
299 1441 469 1498 iudico,
488 1442 540 1487 ab
560 1440 845 1488 eruditiffimo
862 1452 904 1487 et
922 1441 1175 1504 graviffimo
1193 1442 1294 1490 viro
1311 1457 1418 1504 cog-

137 1515 310 1563 nitumx
344 1514 459 1561 forte
489 1516 608 1562 enim
636 1532 734 1562 cum
757 1515 847 1562 hoc
879 1514 1053 1573 evenit,
1083 1513 1319 1563 lavabatur.
1351 1513 1419 1561 vi*

138 1590 244 1637 diffe
267 1591 309 1637 se
338 1589 579 1636 affirmabat
602 1590 647 1636 in
672 1589 835 1637 balneo
859 1589 1063 1647 teffellas‚
1092 1589 1251 1652 quibus
1279 1589 1418 1635 solum

139 1673 229 1710 erat
252 1661 428 1709 stratum
445 1693 460 1718 ‚
485 1663 664 1710 alteram
697 1663 751 1709 ab
779 1663 909 1709 altera
935 1662 1140 1725 separari,
1175 1662 1421 1725 iterumque

140 1736 389 1783 committi:
410 1748 452 1783 et
472 1752 629 1798 aquarn
663 1734 804 1781 modo
835 1734 972 1796 recipi
1003 1735 1048 1780 in
1085 1734 1383 1782 commissuras
1404 1770 1419 1792 ‚

140 1809 396 1873 pavimento
424 1809 685 1864 recedente3
712 1808 852 1854 modo
869 1839 885 1863 ,
905 1807 1154 1870 compresso
1169 1843 1183 1863 ‚
1206 1807 1358 1855 bullire
1376 1819 1419 1855 et

138 1882 254 1931 elidi.
279 1881 475 1928 Eundem
505 1879 652 1929 audivi
684 1893 927 1927 narrantem
949 1916 964 1937 ‚
993 1880 1147 1928 vidisse
1166 1880 1237 1938 se,
1267 1881 1421 1928 molles

140 1956 342 2004 materias
373 1953 549 2005 mollius
581 1952 858 2017 crebriusque
879 1965 1066 2002 tremere
1081 1986 1097 2011 ‚
1117 1971 1249 2019 quam
1267 1968 1420 2003 natura

141 2030 281 2077 duras.

206 2101 402 2149 XXXII.
430 2102 572 2158 Haec,
601 2100 737 2150 Lucili
760 2099 960 2150 virorum
986 2101 1156 2165 optime
1172 2137 1185 2159 ,
1210 2112 1420 2165 quantum

141 2177 195 2223 ad
225 2175 334 2238 ipsas
363 2175 519 2223 causas.
554 2174 626 2221 Illa
659 2191 775 2222 nunc
807 2191 918 2239 quae
950 2176 1002 2222 ad
1036 2175 1420 2224 confirmationem

141 2250 388 2295 animorum
413 2248 631 2311 pertinent
653 2265 667 2294 t
685 2265 800 2312 quos
823 2248 960 2312 magis
983 2247 1116 2296 refert
1134 2250 1306 2306 nostra,
1323 2250 1421 2296 for-

144 2322 277 2370 tiores
301 2320 394 2368 fieri
409 2355 422 2377 ‚
442 2338 571 2384 quam
592 2321 831 2368 doffioresae
856 2322 939 2367 Sed
963 2321 1150 2368 alterum
1180 2320 1265 2368 fine
1281 2322 1422 2369 altero

144 2410 234 2440 non
253 2393 312 2441 fit.
333 2395 438 2442 Non
458 2394 574 2442 enim
603 2394 774 2441 aliunde
798 2393 949 2441 animo
967 2393 1087 2445 venit
1107 2394 1241 2442 robur
1255 2429 1270 2455 ,
1287 2411 1422 2460 quam

1060 2468 1159 2531 Y3
