1730 2870
258 111 355 175 335
521 112 569 157 ι..
621 106 921 155 ΑΝΝΑΕῑ
966 84 1324 158 SENECAE

259 218 411 266 dinem
429 213 591 263 montis
607 213 653 261 in
680 215 784 261 duas
804 227 959 277 partes.
982 229 1087 262 tunc
1104 216 1297 280 effugiss'e
1322 218 1510 264 Peneum
1534 247 1547 274 -.,

261 299 343 364 qui
380 297 559 360 paludes
589 294 748 359 quibus
793 294 1018 342 laborabat
1056 296 1269 344 Thessalia
1292 329 1309 355 ,
1343 298 1549 354 siccavit,

261 369 455 420 abductis
485 368 531 414 in
566 366 608 415 se
639 383 752 430 quae
784 367 872 415 fine
917 367 1037 414 exitu
1079 367 1383 432 stagnaverant
1410 370 1550 434 aquis.

259 444 416 491 Ladon
435 439 603 487 flumen
629 439 743 486 inter
769 439 914 486 Helim
933 452 978 487 et
1001 442 1363 505 Megalenopolin
1384 443 1551 490 medius

260 516 351 572 est,
386 530 518 578 quem
555 524 768 559 terrarum
803 528 954 560 motus
997 513 1163 561 effudit.
1204 516 1284 562 Per
1318 516 1406 564 hoc
1443 515 1553 579 quid

258 588 443 655 probo?
476 591 525 635 In
547 587 672 635 laxos
696 586 888 651 specus(
907 588 1013 651 quid
1036 588 1152 635 enim
1184 588 1300 635 aliud
1331 590 1549 653 appellem

256 664 360 712 loca
390 678 526 711 vacua
559 660 636 708 sub
667 661 827 708 terris?
849 658 870 723 )
893 660 1088 721 spiritum
1123 661 1381 708 convenire.
1409 662 1551 723 Quod

257 737 339 786 nisi
359 736 489 794 esset,
508 751 665 798 magna
680 746 892 781 terrarum
913 734 1045 796 spatia
1062 745 1483 791 commoverentur,
1506 748 1550 783 et

258 829 345 861 una
368 809 504 858 multa
523 808 775 856 titubarent.
803 808 846 854 N
851 824 934 854 unc
952 806 1130 871 exiguae
1146 823 1288 871 partes
1321 809 1520 856 laborant
1535 843 1551 868 ⁵>

257 902 344 934 nec
361 897 556 947 unquam
579 898 658 945 per
677 882 864 929 ducenta
887 881 1088 928 milliaria
1108 894 1255 929 motus
1284 882 1549 931 extenditur.

259 959 377 1007 Ecce
398 958 471 1004 hic
487 955 563 1020 qui
581 955 784 1018 implevit
804 953 960 1002 fabulis
974 955 1127 1001 orbem
1154 991 1166 1012 ‚
1186 971 1276 1001 non
1293 956 1553 1003 transcendit

257 1029 566 1094 Campaniam.
600 1029 725 1089 Quid
765 1027 941 1086 dicam,
982 1045 1085 1075 cum
1124 1028 1300 1075 Chalcis
1335 1029 1513 1076 tremuit
1534 1064 1549 1087 ‚

257 1104 438 1152 Thebas
472 1100 666 1148 stetisse?
698 1117 798 1148 cum
832 1099 1049 1148 laboravit
1074 1099 1266 1164 Aegium
1288 1134 1301 1157 ,
1328 1111 1417 1147 tam
1444 1117 1552 1164 pro-

258 1177 446 1243 pinquas
464 1174 528 1221 illi
554 1173 697 1220 Patras
722 1173 776 1219 de
795 1183 923 1219 motu
951 1172 1091 1219 solum
1109 1172 1305 1220 audisse?
1335 1172 1409 1220 Illa
1432 1174 1551 1222 vasta

256 1249 525 1305 concuffi0‚
559 1263 673 1310 quae
711 1247 819 1293 duas
861 1246 1091 1309 suppressit
1128 1247 1254 1293 urbes
1288 1247 1473 1295 Helicen
1506 1259 1551 1295 et

253 1324 417 1382 Burin,
446 1322 554 1370 citra
572 1319 756 1384 Aegium
776 1318 981 1367 constitit.
1019 1321 1213 1382 Apparet
1225 1336 1331 1384 ergo
1345 1353 1360 1375 ‚
1382 1321 1429 1367 in
1449 1333 1547 1368 tan-

257 1414 353 1445 tum
385 1396 569 1460 spatium
599 1406 772 1440 motum
797 1393 1082 1457 protendere,
1115 1405 1327 1457 quantum
1363 1394 1435 1441 illa
1470 1395 1549 1442 sub

258 1471 386 1520 terris
406 1468 601 1516 vacantis
620 1467 709 1518 loci
726 1467 908 1513 inanitas
927 1479 1081 1529 pateat.

322 1545 498 1592 XXVI.
516 1544 721 1589 Poteram
741 1541 795 1586 ad
809 1540 897 1587 ho'c
918 1540 1199 1603 probandum
1219 1534 1337 1588 abuti
1357 1525 1549 1589 auetori-

254 1631 342 1668 tate
365 1622 632 1680 'magnorum
666 1614 869 1661 virorum
888 1648 901 1671 ,
928 1612 1004 1676 qui
1029 1618 1285 1677 Aegyptum
1323 1631 1546 1677 nunquam

256 1690 480 1741 tremuisse
511 1688 701 1735 tradunt.
735 1686 972 1733 Rationem
1001 1699 1145 1734 autem
1184 1686 1310 1733 huius
1339 1687 1401 1732 rei
1437 1687 1547 1736 hanc

255 1767 476 1821 reddunt,
511 1763 633 1827 quod
665 1778 718 1808 ex
754 1762 866 1808 limo
899 1773 992 1808 tota
1023 1760 1318 1808 concreverit,
1351 1758 1546 1807 Tantum

254 1841 375 1889 enim
411 1837 433 1904 (
463 1838 492 1885 fi
526 1839 729 1884 Homero
764 1834 873 1883 fides
918 1834 980 1883 est
1008 1833 1030 1898 )
1069 1836 1215 1882 aberat
1245 1851 1269 1880 a
1304 1834 1549 1882 continenti

255 1914 420 1961 Pharos
441 1948 456 1968 ,
489 1923 700 1974 quantum
724 1908 848 1955 navis
885 1908 1045 1954 diurno
1073 1907 1199 1954 cursu
1234 1906 1380 1954 metiri
1410 1908 1549 1969 plenis

253 1986 341 2032 lata
362 1984 472 2033 velis
489 1982 634 2046 potest
649 2000 659 2028 :
675 1982 747 2029 sed
766 1979 1010 2029 continenti
1026 1981 1205 2028 admota
1225 1980 1300 2028 est.
1322 1981 1549 2028 Turbidus

256 2058 377 2107 enim
423 2055 620 2105 defluens
661 2055 786 2102 Niius
815 2091 830 2112 ‚
874 2055 1148 2118 multumque
1194 2054 1342 2101 secum
1389 2054 1546 2102 limum

256 2133 461 2189 trahens,
490 2142 533 2176 et
551 2146 653 2176 eum
690 2128 869 2175 subinde
897 2145 1123 2192 apponens
1143 2128 1364 2192 prioribus
1383 2130 1511 2183 terris
1534 2162 1548 2186 ,

255 2208 518 2270 Aegyptum
538 2219 688 2250 annuo
705 2202 981 2249 incremento
1002 2202 1170 2264 semper
1184 2201 1294 2247 ultra
1310 2195 1419 2248 tulit.
1441 2201 1546 2247 Inde

258 2278 436 2342 pinguis
470 2288 513 2324 et
543 2275 685 2322 limosi
712 2274 791 2322 soli
820 2274 905 2331 est,
938 2291 1021 2321 nec
1058 2274 1144 2320 ulla
1176 2273 1402 2321 intervalla
1433 2274 1476 2320 in
1502 2274 1546 2320 se

258 2352 422 2410 hahet,
453 2350 527 2398 sed
558 2351 697 2399 crevit
726 2350 772 2396 in
796 2348 982 2396 solidum
1023 2350 1239 2398 arescente
1269 2347 1547 2395 lim02cuius

254 2423 399 2487 pressa
431 2435 522 2474 erat
540 2435 583 2475 et
615 2423 764 2479 sedens
796 2421 1031 2487 strustura,
1058 2439 1158 2474 cum
1191 2436 1333 2487 partes
1351 2420 1543 2486 glutina-2
