1730 2870
273 121 366 171 254
532 105 915 154 L.ANNAEI
965 104 1323 156 SENECAE

271 215 342 262 vis
361 213 500 261 defert
523 225 566 260 et
584 226 799 277 exportat.
828 213 926 259 lll'ae
944 231 1055 278 quae
1075 232 1167 262 non
1192 215 1395 264 emittunt
1420 215 1551 282 quid-

269 287 379 350 quid
409 285 594 341 insedit,
631 285 768 350 magis
804 285 1000 333 minusve
1036 287 1237 336 aestuant,
1280 291 1402 336 Mare
1434 307 1549 338 vero

269 360 511 413 cadavera,
538 357 878 421 stramentaque‚
904 374 947 404 et
966 359 1275 423 naufragorum
1293 362 1485 426 reliquiis
1502 363 1551 409 fis

271 434 413 490 milia,
432 448 487 478 ex
505 431 666 478 intimo
682 432 831 487 trahit,
852 449 933 479 nec
951 443 1114 478 tantum
1135 435 1384 497 tempestate
1401 434 1550 483 fluesu-
1570 445 1572 448 ’

272 521 382 569 que,
417 505 488 551 sed
507 504 785 567 tranquillum
805 521 987 569 quoque
1013 504 1317 571 placidumque
1334 520 1552 572 purgatur.
1582 523 1583 527 ’

336 579 532 625 XXV11.
559 579 642 624 Sed
662 590 812 624 monet
837 595 909 624 me
934 578 1081 634 locus,
1112 592 1160 626 ut
1184 597 1388 643 quaeram
1406 617 1420 640 ,
1448 599 1549 628 cum

273 650 412 697 fatalis
449 651 540 698 dies
575 650 730 698 diluvii
766 651 962 706 venerit,
991 652 1361 714 quemadmodum
1396 672 1551 718 magna

272 739 372 786 pars
400 736 612 769 terrarum
646 722 772 770 undis
803 723 1028 770 obruatur.
1055 725 1218 771 Utrum
1250 726 1418 772 Oceani
1442 727 1551 775 viri-

270 796 352 843 bus
391 794 489 851 fiat,
516 808 560 842 et
585 807 813 842 externum
843 795 888 841 in
918 812 999 842 nos
1028 796 1204 860 pelagus
1234 797 1466 860 exsurgat:
1496 817 1550 846 an

271 868 416 916 crebri
460 868 547 915 sine
585 867 899 915 intermistione
941 867 1103 915 imbres
1122 904 1134 926 ‚
1177 879 1219 915 et
1255 869 1355 916 elisa
1396 869 1550 917 aestate

268 946 408 992 hiems
427 945 626 1007 pertinax
640 980 654 1004 ‚
684 944 936 991 immensam
965 944 1058 992 vim
1081 961 1290 1008 aquarum
1310 946 1447 1008 ruptis
1466 964 1550 993 nu*

269 1019 398 1066 bibus
417 1018 605 1066 deiiciat.
636 1020 707 1064 An
726 1017 907 1081 flumina
924 1017 1046 1064 tellus
1072 1017 1229 1082 largius
1246 1016 1420 1077 fundat,
1441 1035 1546 1081 ape-

269 1091 440 1154 riatque
474 1089 620 1137 fontes
656 1106 804 1136 novos
830 1107 841 1136 ε
869 1102 943 1136 aut
974 1106 1066 1135 non
1093 1090 1141 1137 fit
1171 1107 1255 1136 una
1282 1103 1406 1138 tanto
1433 1092 1550 1139 malo

270 1166 424 1220 causa,
455 1164 529 1212 sed
559 1163 705 1211 omnis
729 1163 841 1211 ratio
872 1163 1109 1211 consentiat
1129 1198 1143 1221 ,
1168 1175 1210 1210 et
1241 1163 1365 1209 fimul
1391 1163 1552 1212 imbres

269 1238 453 1293 cadant,
472 1236 654 1283 flumina
675 1236 937 1293 increscant,
965 1236 1098 1282 maria
1114 1236 1282 1283 sedibus
1299 1236 1382 1283 suis
1409 1237 1550 1284 excita

271 1325 556 1373 percurrant,
569 1321 611 1355 et
627 1308 776 1355 omnia
795 1325 887 1356 uno
907 1309 1079 1372 agmine
1097 1310 1151 1355 ad
1173 1308 1350 1355 exitium
1373 1308 1551 1355 humani

270 1382 442 1446 generis
461 1382 727 1430 incumbant.
749 1384 811 1427 Ita
833 1381 906 1428 est.
936 1381 1056 1428 Nihil
1073 1380 1247 1428 difficile
1267 1380 1328 1428 est
1346 1394 1524 1428 naturae
1538 1413 1552 1440 ‚

269 1455 421 1519 utique
441 1454 516 1501 ubi
535 1454 580 1500 in
598 1453 733 1501 finem
758 1452 822 1499 sui
841 1464 1057 1516 properat,
1078 1453 1149 1499 Ad
1169 1453 1382 1516 originem
1401 1469 1550 1499 rerum

270 1542 402 1587 parce
420 1527 557 1572 utitur
575 1525 768 1580 viribus,
794 1525 1092 1588 dispensatque
1110 1525 1150 1571 se
1170 1524 1450 1571 incrementis
1468 1523 1551 1571 fal-

267 1602 481 1649 lentibus:
499 1601 643 1649 subito
664 1602 717 1648 ad
738 1601 906 1647 ruinam
925 1613 1024 1648 toto
1049 1600 1213 1663 impetu
1234 1600 1371 1646 venit.
1401 1602 1549 1660 Quam

231 1691 234 1696 ’
266 1674 408 1737 longo
439 1689 642 1737 tempore
670 1692 784 1737 opus
810 1675 898 1733 est,
929 1686 976 1721 ut
1005 1688 1244 1738 conceptus
1275 1675 1328 1720 ad
1361 1689 1550 1737 puerpe⁶

267 1746 381 1794 rium
404 1748 665 1809 perducatur
688 1748 857 1796 infans?
877 1749 1048 1812 quantis
1067 1748 1289 1795 laboribus
1308 1762 1431 1794 tener
1442 1749 1550 1794 edu*

268 1821 424 1868 catur?
443 1838 575 1886 quam
597 1822 792 1886 diligenti
815 1823 1083 1870 nutrimento
1101 1823 1346 1870 obnoxium
1368 1822 1550 1868 novisti-2·-

265 1913 339 1941 me
369 1912 528 1956 corpus
557 1895 796 1942 adolescit?
824 1910 866 1943 at
894 1913 1024 1959 quam
1053 1895 1174 1942 nullo
1204 1894 1385 1958 negotio
1413 1895 1549 1941 solvi-

265 1967 362 2014 tur?
382 1967 524 2014 Urbes
548 1967 772 2013 constituit
792 1981 934 2014 aetas:
958 1969 1065 2014 hora
1089 1967 1292 2015 dissolvit.
1314 1971 1549 2014 Memento

268 2039 317 2085 fit
337 2039 444 2087 cinis
465 2058 476 2086 ε
496 2040 572 2086 diu
598 2040 715 2086 silva,
737 2043 896 2102 Magna
921 2039 1052 2087 tutela
1073 2039 1180 2086 stant
1199 2057 1249 2086 ac
1272 2040 1423 2103 vigent
1443 2054 1546 2086 om-

266 2112 339 2158 nia
358 2129 369 2157 :
389 2112 481 2158 cito
500 2129 550 2158 ac
575 2125 751 2175 repente
769 2114 986 2160 diffiliunt.
1006 2112 1238 2175 Quidquid
1260 2130 1314 2159 ex
1333 2114 1421 2159 boc
1437 2112 1544 2159 statu

266 2201 410 2230 rerum
429 2198 577 2231 natura
591 2185 786 2244 flexerit,
807 2186 850 2231 in
867 2187 1048 2233 exitium
1067 2186 1315 2233 mortalium
1336 2185 1446 2233 satist
1465 2187 1548 2230 Er·

267 2272 326 2317 go
347 2273 447 2304 cum
469 2256 640 2304 affuerit
657 2256 725 2303 illa
746 2258 964 2306 neceffitas
982 2259 1195 2320 temporis
1212 2295 1225 2316 ,
1257 2259 1393 2306 multa
1422 2255 1544 2309 simul

266 2329 351 2375 fata
386 2331 528 2376 causas
566 2345 790 2378 movent:
826 2348 909 2379 nec
940 2331 1027 2378 fine
1066 2320 1350 2378 concuffione
1391 2328 1543 2376 mundi

266 2416 381 2449 tanta
421 2402 605 2451 mutatio
639 2402 729 2460 est,
766 2418 814 2452 ut
854 2404 1036 2467 quidam
1071 2415 1252 2468 putant,
1289 2402 1401 2451 inter
1431 2417 1544 2465 quos
