1730 2870
402 103 658 150 NATUR.
710 101 1001 162 QUAEST.
1045 100 1160 146 LIB.
1195 101 1290 148 VII.
1394 115 1484 161 337

205 222 253 257 at
268 210 481 258 Cometae
499 208 661 273 ubique
680 223 929 256 cernuntur.
958 208 1065 254 Non
1082 207 1217 271 magis
1240 222 1406 254 certum
1426 206 1486 253 est

204 283 290 330 illis
308 295 478 345 tempus
500 298 846 345 quossappareant
861 316 874 340 ,
900 297 1032 345 quam
1060 279 1184 327 locus
1206 279 1314 327 ullus
1330 313 1344 338 ‚
1375 280 1486 326 ultra

203 371 336 418 quem
357 371 448 401 non
475 366 644 401 exeant.

268 427 390 472 XIII.
420 425 642 472 Adversus
661 425 748 472 hoc
771 425 827 471 ab
846 423 1131 473 Artemidoro
1157 422 1228 470 illa
1251 422 1483 481 dicuntur,

200 515 292 545 non
316 498 390 544 has
416 510 584 544 tantum
606 496 740 543 stellas
759 498 954 561 quinque
976 497 1243 552 discurrere,
1271 495 1345 542 sed
1372 494 1482 541 solas

199 568 450 615 observatas
473 568 572 617 effe.
602 569 810 614 Ceterum
829 568 1161 615 innumerabiles
1179 568 1281 614 ferri
1299 584 1376 629 per
1399 583 1481 614 oc-

198 642 389 699 cultum,
408 654 480 688 aut
494 657 676 704 propter
694 642 1003 688 obscuritatem
1022 640 1196 687 luminis
1211 640 1338 686 nobis
1357 640 1483 702 igno-

198 726 288 770 tas,
322 725 394 759 aut
426 727 608 776 propter
643 712 912 760 circulorum
949 712 1215 775 positionem
1246 712 1409 768 talem,
1437 722 1485 757 ut

199 800 305 833 tunc
334 787 533 844 demum,
556 803 655 834 cum
682 787 735 834 ad
754 798 996 835 extremam
1023 803 1178 834 eorum
1199 803 1389 844 venere,
1412 784 1484 832 vi-‘

199 858 356 905 santur.
374 861 494 923 Ergo
508 860 802 907 intercurrunt
819 861 1032 924 quaedam
1052 860 1216 917 stellae,
1235 870 1284 906 ut
1300 858 1380 917 ait,
1403 875 1486 905 no-

199 931 265 978 bis
280 947 448 990 novae,
468 948 580 995 quae
600 932 747 978 lumen
767 931 892 978 suum
913 949 1013 978 cum
1033 931 1240 978 stantibus
1260 931 1486 987 misceant,

198 1017 244 1051 et
270 1004 485 1052 maiorem
511 1022 642 1069 quam
673 1005 801 1052 stellis
830 1022 928 1053 mos
955 1005 1044 1063 est,
1071 1005 1299 1068 porrigant
1322 1004 1484 1068 ignem.

197 1077 286 1124 hoc
306 1094 362 1124 ex
392 1078 459 1126 his
478 1095 590 1142 quae
617 1079 855 1137 mentitur,
881 1078 1145 1126 Ieviffimum
1169 1078 1230 1124 est
1248 1096 1258 1123 ε
1279 1089 1370 1125 tota
1390 1077 1484 1123 eius

197 1149 393 1197 narratio
414 1150 591 1209 mundi,
625 1151 908 1198 mendacium
941 1151 1170 1213 impudens
1201 1149 1275 1196 est.
1311 1150 1426 1195 Nam
1452 1148 1484 1194 fi

194 1221 258 1268 illi
284 1222 534 1283 credimus,
573 1225 742 1271 summa
766 1224 881 1272 coeIi
912 1240 994 1270 ora
1027 1223 1277 1270 solidiffima
1312 1222 1402 1278 est,
1437 1222 1485 1269 in

194 1297 382 1344 modum
405 1299 505 1345 tecti
525 1299 674 1345 durata
688 1333 702 1356 ‚
732 1314 775 1344 et
793 1298 865 1344 aIti
884 1297 1095 1360 craffique
1114 1296 1316 1360 corporis
1329 1332 1342 1354 ‚
1362 1297 1486 1360 quod

196 1368 334 1415 atomi
354 1369 584 1433 congestae
612 1382 987 1432 coacervataeque
1005 1369 1219 1417 fecerunt.
1240 1369 1355 1416 Huic
1377 1385 1485 1431 pro-

195 1440 316 1488 xima
335 1441 584 1504 superficies
604 1442 665 1491 est
683 1443 832 1504 ignea,
858 1441 915 1487 ita
937 1444 1192 1503 compacta,
1212 1453 1259 1487 ut
1278 1441 1391 1487 solvi
1411 1442 1485 1487 vim

195 1514 382 1575 tiarique
402 1531 493 1559 non
510 1514 650 1574 poffit.
667 1514 810 1560 Habet
823 1527 971 1560 tamen
990 1513 1251 1575 spiramenta
1270 1513 1486 1576 quaedam

196 1596 240 1631 et
259 1581 375 1646 quafi
392 1581 596 1629 fenestras
611 1617 624 1639 ‚
644 1597 721 1643 per
740 1598 848 1645 quas
868 1598 923 1628 ex
942 1595 1062 1644 parte
1089 1583 1310 1631 exteriore
1330 1586 1486 1634 mundi

197 1656 381 1703 influant
400 1657 548 1719 ignes,
579 1671 671 1702 non
688 1671 779 1703 tam
798 1656 974 1720 magni,
1000 1672 1049 1704 ut
1072 1656 1284 1704 interiora
1304 1670 1486 1704 contur-

199 1732 314 1778 bent.
341 1729 506 1777 Rursus
525 1746 578 1776 ex
599 1729 775 1775 mundo
795 1729 841 1775 in
864 1729 1081 1776 exteriora
1100 1725 1316 1777 labuntur.
1337 1733 1487 1793 Itaque

199 1804 307 1850 haec
329 1819 442 1867 quae
467 1813 638 1865 praeter
654 1801 1016 1849 consuetudinem
1037 1815 1270 1864 apparent,
1298 1802 1486 1849 influxe-

199 1889 301 1922 runt
329 1893 385 1923 ex
415 1875 485 1921 illa
509 1875 622 1922 ultra
647 1875 861 1922 mundum
891 1874 1057 1922 iacente
1083 1875 1278 1923 materia.
1304 1876 1487 1924 Solvere

199 1949 276 1997 ista
297 1950 403 2013 quid
419 1949 533 1996 aliud
552 1947 615 1995 est
627 1984 641 2006 ,
660 1965 795 2012 quam
812 1965 993 1996 manum
1008 1965 1237 2008 exercere,
1253 1961 1296 1997 et
1314 1949 1360 1996 in
1377 1942 1487 1998 ven·-

199 2036 296 2072 tum
319 2023 477 2069 iactare
502 2021 675 2069 brachia
692 2021 715 2068 ἒ

242 2131 244 2134 >
267 2098 391 2142 XIV.
410 2095 554 2143 Velim
575 2108 722 2142 tamen
742 2093 850 2141 mihi
871 2093 987 2142 dicat
1000 2092 1101 2151 iste,
1117 2093 1196 2158 qui
1210 2094 1378 2141 mundo
1397 2103 1485 2141 tam

200 2167 326 2215 firma
345 2168 559 2215 lacunaria
577 2167 811 2230 imposuit,
831 2168 938 2231 quid
960 2167 1009 2213 sit
1027 2183 1159 2230 quare
1179 2168 1405 2214 credamus
1425 2166 1487 2214 illi

202 2252 365 2287 tantam
387 2240 472 2287 effe
492 2239 812 2295 crassitudinem
833 2240 962 2288 coeli.
993 2241 1115 2301 Quid
1136 2239 1242 2299 fiiit,
1265 2241 1387 2304 quod
1403 2241 1486 2288 illo

201 2324 288 2359 tam
314 2312 449 2360 solida
466 2329 654 2375 corpora
673 2313 928 2372 adduceret,
944 2330 987 2362 et
1004 2315 1063 2360 ibi
1083 2314 1324 2363 detineret?
1338 2315 1490 2361 Dein-

200 2387 256 2434 de
275 2388 398 2451 quod
417 2401 559 2436 tantae
582 2385 867 2434 craffitudinis
885 2386 973 2446 est„
1003 2387 1172 2436 neceffe
1191 2387 1253 2434 est
1278 2402 1322 2437 et
1338 2386 1489 2452 magni

527 2480 533 2485 ·
1133 2461 1166 2506 Z
1202 2477 1231 2521 3,
