<?xml version="1.0" encoding="UTF-8"?>
<!DOCTYPE html PUBLIC "-//W3C//DTD XHTML 1.0 Transitional//EN"
    "http://www.w3.org/TR/xhtml1/DTD/xhtml1-transitional.dtd">
<html xmlns="http://www.w3.org/1999/xhtml" xml:lang="en" lang="en">
 <head>
  <title>
</title>
<meta http-equiv="Content-Type" content="text/html;charset=utf-8" />
  <meta name='ocr-system' content='tesseract 3.04.00' />
  <meta name='ocr-capabilities' content='ocr_page ocr_carea ocr_par ocr_line ocrx_word'/>
</head>
<body>
  <div class='ocr_page' id='page_1' title='image "./lannaeisenecaeph04seneuoft_0133.png"; bbox 0 0 1730 2870; ppageno 0'>
   <div class='ocr_carea' id='block_1_1' title="bbox 477 123 1403 183">
    <p class='ocr_par' dir='ltr' id='par_1_1' title="bbox 477 123 1403 183">
     <span class='ocr_line' id='line_1_1' title="bbox 477 123 1403 183; baseline -0.003 -14"><span class='ocrx_word' id='word_1_1' title='bbox 477 123 1053 169; x_wconf 72' lang='lat' dir='ltr'>EPISTOLAE.</span> <span class='ocrx_word' id='word_1_2' title='bbox 1314 137 1403 183; x_wconf 85' lang='lat'>127</span> 
     </span>
    </p>
   </div>
   <div class='ocr_carea' id='block_1_2' title="bbox 116 225 1431 2478">
    <p class='ocr_par' dir='ltr' id='par_1_2' title="bbox 116 225 1431 2478">
     <span class='ocr_line' id='line_1_2' title="bbox 128 225 1403 280; baseline -0.007 0"><span class='ocrx_word' id='word_1_3' title='bbox 128 233 307 280; x_wconf 75' lang='lat' dir='ltr'>malibus</span> <span class='ocrx_word' id='word_1_4' title='bbox 338 229 660 279; x_wconf 87' lang='lat' dir='ltr'>constitutionis</span> <span class='ocrx_word' id='word_1_5' title='bbox 701 229 796 275; x_wconf 82' lang='lat' dir='ltr'>suae</span> <span class='ocrx_word' id='word_1_6' title='bbox 828 228 1003 275; x_wconf 78' lang='lat' dir='ltr'>sensus?</span> <span class='ocrx_word' id='word_1_7' title='bbox 1045 225 1223 273; x_wconf 77' lang='lat' dir='ltr'><strong>Sensum</strong></span> <span class='ocrx_word' id='word_1_8' title='bbox 1259 238 1403 272; x_wconf 82' lang='lat' dir='ltr'>autem</span> 
     </span>
     <span class='ocr_line' id='line_1_3' title="bbox 127 301 1407 365; baseline -0.006 -12"><span class='ocrx_word' id='word_1_9' title='bbox 127 307 236 362; x_wconf 79' lang='lat' dir='ltr'>effe,</span> <span class='ocrx_word' id='word_1_10' title='bbox 273 322 327 351; x_wconf 85' lang='lat' dir='ltr'>ex</span> <span class='ocrx_word' id='word_1_11' title='bbox 346 320 402 351; x_wconf 92' lang='lat' dir='ltr'>eo</span> <span class='ocrx_word' id='word_1_12' title='bbox 422 304 609 350; x_wconf 80' lang='lat' dir='ltr'>maxime</span> <span class='ocrx_word' id='word_1_13' title='bbox 642 314 821 365; x_wconf 83' lang='lat' dir='ltr'>apparet</span> <span class='ocrx_word' id='word_1_14' title='bbox 840 337 857 358; x_wconf 87' lang='lat'><em>,</em></span> <span class='ocrx_word' id='word_1_15' title='bbox 882 302 1004 364; x_wconf 88' lang='lat' dir='ltr'>quod</span> <span class='ocrx_word' id='word_1_16' title='bbox 1023 301 1216 347; x_wconf 87' lang='lat' dir='ltr'>membra</span> <span class='ocrx_word' id='word_1_17' title='bbox 1247 313 1344 362; x_wconf 83' lang='lat' dir='ltr'>apte</span> <span class='ocrx_word' id='word_1_18' title='bbox 1363 315 1407 346; x_wconf 87' lang='lat' dir='ltr'>et</span> 
     </span>
     <span class='ocr_line' id='line_1_4' title="bbox 116 373 1410 440; baseline -0.002 -16"><span class='ocrx_word' id='word_1_19' title='bbox 116 378 330 440; x_wconf 80' lang='lat' dir='ltr'>&#39;expedite</span> <span class='ocrx_word' id='word_1_20' title='bbox 360 387 544 434; x_wconf 81' lang='lat' dir='ltr'>movent</span> <span class='ocrx_word' id='word_1_21' title='bbox 567 410 581 433; x_wconf 93' lang='lat'>‚</span> <span class='ocrx_word' id='word_1_22' title='bbox 611 392 703 421; x_wconf 89' lang='lat' dir='ltr'>non</span> <span class='ocrx_word' id='word_1_23' title='bbox 738 374 860 420; x_wconf 88' lang='lat' dir='ltr'>aliter</span> <span class='ocrx_word' id='word_1_24' title='bbox 891 392 1021 437; x_wconf 86' lang='lat' dir='ltr'>quam</span> <span class='ocrx_word' id='word_1_25' title='bbox 1046 374 1092 419; x_wconf 85' lang='lat' dir='ltr'>in</span> <span class='ocrx_word' id='word_1_26' title='bbox 1123 374 1209 420; x_wconf 89' lang='lat' dir='ltr'>hoc</span> <span class='ocrx_word' id='word_1_27' title='bbox 1228 373 1410 421; x_wconf 85' lang='lat' dir='ltr'>erudita.</span> 
     </span>
     <span class='ocr_line' id='line_1_5' title="bbox 129 446 1413 512; baseline -0.003 -16"><span class='ocrx_word' id='word_1_28' title='bbox 129 450 248 497; x_wconf 87' lang='lat' dir='ltr'>Nulli</span> <span class='ocrx_word' id='word_1_29' title='bbox 283 466 373 496; x_wconf 90' lang='lat' dir='ltr'>non</span> <span class='ocrx_word' id='word_1_30' title='bbox 411 450 601 512; x_wconf 84' lang='lat' dir='ltr'>partium</span> <span class='ocrx_word' id='word_1_31' title='bbox 645 450 814 495; x_wconf 89' lang='lat' dir='ltr'>suarum</span> <span class='ocrx_word' id='word_1_32' title='bbox 848 449 1014 512; x_wconf 82' lang='lat' dir='ltr'>agilitas</span> <span class='ocrx_word' id='word_1_33' title='bbox 1046 447 1118 494; x_wconf 85' lang='lat' dir='ltr'>est.</span> <span class='ocrx_word' id='word_1_34' title='bbox 1149 446 1320 493; x_wconf 86' lang='lat' dir='ltr'>Artifex</span> <span class='ocrx_word' id='word_1_35' title='bbox 1347 448 1413 493; x_wconf 91' lang='lat' dir='ltr'>in-</span> 
     </span>
     <span class='ocr_line' id='line_1_6' title="bbox 129 520 1413 585; baseline -0.002 -16"><span class='ocrx_word' id='word_1_36' title='bbox 129 525 364 570; x_wconf 85' lang='lat' dir='ltr'>strumenta</span> <span class='ocrx_word' id='word_1_37' title='bbox 397 523 467 569; x_wconf 89' lang='lat' dir='ltr'>sua</span> <span class='ocrx_word' id='word_1_38' title='bbox 486 524 636 569; x_wconf 50' lang='lat' dir='ltr'>nablat</span> <span class='ocrx_word' id='word_1_39' title='bbox 655 539 706 568; x_wconf 82' lang='lat' dir='ltr'>ex</span> <span class='ocrx_word' id='word_1_40' title='bbox 736 520 885 568; x_wconf 84' lang='lat' dir='ltr'>facili:</span> <span class='ocrx_word' id='word_1_41' title='bbox 915 523 1059 569; x_wconf 63' lang='lat' dir='ltr'>metor</span> <span class='ocrx_word' id='word_1_42' title='bbox 1086 522 1205 569; x_wconf 84' lang='lat' dir='ltr'>navis</span> <span class='ocrx_word' id='word_1_43' title='bbox 1223 521 1302 568; x_wconf 90' lang='lat' dir='ltr'>scit</span> <span class='ocrx_word' id='word_1_44' title='bbox 1332 539 1413 585; x_wconf 87' lang='lat' dir='ltr'>gu-</span> 
     </span>
     <span class='ocr_line' id='line_1_7' title="bbox 129 595 1413 657; baseline -0.002 -13"><span class='ocrx_word' id='word_1_45' title='bbox 129 597 408 645; x_wconf 88' lang='lat' dir='ltr'>bernaculum</span> <span class='ocrx_word' id='word_1_46' title='bbox 441 595 643 643; x_wconf 69' lang='lat' dir='ltr'>fleftere:</span> <span class='ocrx_word' id='word_1_47' title='bbox 684 595 828 657; x_wconf 63' lang='grc' dir='ltr'>ρίξὶοιρ</span> <span class='ocrx_word' id='word_1_48' title='bbox 863 595 1037 641; x_wconf 87' lang='lat' dir='ltr'>colores</span> <span class='ocrx_word' id='word_1_49' title='bbox 1079 611 1194 657; x_wconf 85' lang='lat' dir='ltr'>quos</span> <span class='ocrx_word' id='word_1_50' title='bbox 1225 596 1278 641; x_wconf 90' lang='lat' dir='ltr'>ad</span> <span class='ocrx_word' id='word_1_51' title='bbox 1311 596 1413 641; x_wconf 85' lang='lat' dir='ltr'>red—</span> 
     </span>
     <span class='ocr_line' id='line_1_8' title="bbox 131 667 1416 730; baseline -0.003 -12"><span class='ocrx_word' id='word_1_52' title='bbox 131 671 315 718; x_wconf 89' lang='lat' dir='ltr'>dendam</span> <span class='ocrx_word' id='word_1_53' title='bbox 339 670 660 716; x_wconf 80' lang='lat' dir='ltr'>similitudinem</span> <span class='ocrx_word' id='word_1_54' title='bbox 692 668 853 714; x_wconf 85' lang='lat' dir='ltr'>multos</span> <span class='ocrx_word' id='word_1_55' title='bbox 884 667 1116 730; x_wconf 83' lang='lat' dir='ltr'>variosque</span> <span class='ocrx_word' id='word_1_56' title='bbox 1137 680 1236 715; x_wconf 87' lang='lat' dir='ltr'>ante</span> <span class='ocrx_word' id='word_1_57' title='bbox 1260 669 1301 714; x_wconf 90' lang='lat' dir='ltr'>se</span> <span class='ocrx_word' id='word_1_58' title='bbox 1328 686 1416 730; x_wconf 89' lang='lat' dir='ltr'>po-</span> 
     </span>
     <span class='ocr_line' id='line_1_9' title="bbox 131 742 1416 805; baseline -0.002 -14"><span class='ocrx_word' id='word_1_59' title='bbox 131 745 214 792; x_wconf 87' lang='lat' dir='ltr'>suit</span> <span class='ocrx_word' id='word_1_60' title='bbox 231 778 245 800; x_wconf 91' lang='lat'>,</span> <span class='ocrx_word' id='word_1_61' title='bbox 279 744 504 791; x_wconf 82' lang='lat' dir='ltr'><strong>celerrime</strong></span> <span class='ocrx_word' id='word_1_62' title='bbox 538 744 737 797; x_wconf 85' lang='lat' dir='ltr'>denotat,</span> <span class='ocrx_word' id='word_1_63' title='bbox 761 757 803 789; x_wconf 93' lang='lat' dir='ltr'>et</span> <span class='ocrx_word' id='word_1_64' title='bbox 835 742 945 787; x_wconf 88' lang='lat' dir='ltr'>inter</span> <span class='ocrx_word' id='word_1_65' title='bbox 964 758 1105 787; x_wconf 89' lang='lat' dir='ltr'>ceram</span> <span class='ocrx_word' id='word_1_66' title='bbox 1129 743 1325 805; x_wconf 87' lang='lat' dir='ltr'>opusque</span> <span class='ocrx_word' id='word_1_67' title='bbox 1350 742 1416 788; x_wconf 88' lang='lat' dir='ltr'>fa-</span> 
     </span>
     <span class='ocr_line' id='line_1_10' title="bbox 131 812 1413 863; baseline -0.002 -1"><span class='ocrx_word' id='word_1_68' title='bbox 131 817 203 863; x_wconf 89' lang='lat' dir='ltr'>cili</span> <span class='ocrx_word' id='word_1_69' title='bbox 236 817 359 863; x_wconf 86' lang='lat' dir='ltr'>vultu</span> <span class='ocrx_word' id='word_1_70' title='bbox 389 833 438 863; x_wconf 88' lang='lat' dir='ltr'>ac</span> <span class='ocrx_word' id='word_1_71' title='bbox 477 832 606 862; x_wconf 88' lang='lat' dir='ltr'>manu</span> <span class='ocrx_word' id='word_1_72' title='bbox 636 826 869 861; x_wconf 84' lang='lat' dir='ltr'>commeat.</span> <span class='ocrx_word' id='word_1_73' title='bbox 885 814 954 861; x_wconf 87' lang='lat' dir='ltr'>Sic</span> <span class='ocrx_word' id='word_1_74' title='bbox 972 812 1129 859; x_wconf 86' lang='lat' dir='ltr'>animal</span> <span class='ocrx_word' id='word_1_75' title='bbox 1158 814 1202 859; x_wconf 90' lang='lat' dir='ltr'>in</span> <span class='ocrx_word' id='word_1_76' title='bbox 1233 830 1413 860; x_wconf 86' lang='lat' dir='ltr'>omnem</span> 
     </span>
     <span class='ocr_line' id='line_1_11' title="bbox 132 886 1413 948; baseline -0.002 -13"><span class='ocrx_word' id='word_1_77' title='bbox 132 889 255 936; x_wconf 88' lang='lat' dir='ltr'>usum</span> <span class='ocrx_word' id='word_1_78' title='bbox 300 889 361 934; x_wconf 93' lang='lat' dir='ltr'>sui</span> <span class='ocrx_word' id='word_1_79' title='bbox 399 888 575 934; x_wconf 83' lang='lat' dir='ltr'>mobile.</span> <span class='ocrx_word' id='word_1_80' title='bbox 621 888 772 933; x_wconf 86' lang='lat' dir='ltr'>Mirari</span> <span class='ocrx_word' id='word_1_81' title='bbox 806 887 992 933; x_wconf 87' lang='lat' dir='ltr'>solemus</span> <span class='ocrx_word' id='word_1_82' title='bbox 1037 886 1187 932; x_wconf 81' lang='lat' dir='ltr'>scenae</span> <span class='ocrx_word' id='word_1_83' title='bbox 1220 887 1413 948; x_wconf 85' lang='lat' dir='ltr'>peritos,</span> 
     </span>
     <span class='ocr_line' id='line_1_12' title="bbox 133 959 1416 1026; baseline -0.002 -18"><span class='ocrx_word' id='word_1_84' title='bbox 133 963 256 1026; x_wconf 87' lang='lat' dir='ltr'>quod</span> <span class='ocrx_word' id='word_1_85' title='bbox 290 962 333 1008; x_wconf 91' lang='lat' dir='ltr'>in</span> <span class='ocrx_word' id='word_1_86' title='bbox 362 978 541 1008; x_wconf 90' lang='lat' dir='ltr'>omnem</span> <span class='ocrx_word' id='word_1_87' title='bbox 572 959 930 1023; x_wconf 76' lang='lat' dir='ltr'>significationem</span> <span class='ocrx_word' id='word_1_88' title='bbox 953 976 1097 1006; x_wconf 82' lang='lat' dir='ltr'>rerum</span> <span class='ocrx_word' id='word_1_89' title='bbox 1127 971 1170 1005; x_wconf 91' lang='lat' dir='ltr'>et</span> <span class='ocrx_word' id='word_1_90' title='bbox 1186 959 1416 1007; x_wconf 60' lang='lat' dir='ltr'>effedtuum</span> 
     </span>
     <span class='ocr_line' id='line_1_13' title="bbox 135 1032 1415 1097; baseline 0 -18"><span class='ocrx_word' id='word_1_91' title='bbox 135 1051 280 1097; x_wconf 81' lang='lat' dir='ltr'>parata</span> <span class='ocrx_word' id='word_1_92' title='bbox 305 1034 479 1079; x_wconf 90' lang='lat' dir='ltr'>illorum</span> <span class='ocrx_word' id='word_1_93' title='bbox 509 1032 569 1081; x_wconf 86' lang='lat' dir='ltr'>est</span> <span class='ocrx_word' id='word_1_94' title='bbox 600 1049 775 1088; x_wconf 87' lang='lat' dir='ltr'>manus,</span> <span class='ocrx_word' id='word_1_95' title='bbox 795 1048 838 1079; x_wconf 90' lang='lat' dir='ltr'>et</span> <span class='ocrx_word' id='word_1_96' title='bbox 873 1032 1113 1078; x_wconf 88' lang='lat' dir='ltr'>verborum</span> <span class='ocrx_word' id='word_1_97' title='bbox 1136 1032 1415 1079; x_wconf 71' lang='lat' dir='ltr'>velocitatem</span> 
     </span>
     <span class='ocr_line' id='line_1_14' title="bbox 135 1103 1419 1168; baseline -0.001 -16"><span class='ocrx_word' id='word_1_98' title='bbox 135 1106 278 1168; x_wconf 82' lang='lat' dir='ltr'>gestus</span> <span class='ocrx_word' id='word_1_99' title='bbox 300 1105 545 1168; x_wconf 72' lang='lat' dir='ltr'>assequitur.</span> <span class='ocrx_word' id='word_1_100' title='bbox 582 1106 720 1164; x_wconf 83' lang='lat' dir='ltr'>Quod</span> <span class='ocrx_word' id='word_1_101' title='bbox 753 1105 833 1151; x_wconf 87' lang='lat' dir='ltr'>illis</span> <span class='ocrx_word' id='word_1_102' title='bbox 860 1121 925 1151; x_wconf 87' lang='lat' dir='ltr'>ars</span> <span class='ocrx_word' id='word_1_103' title='bbox 959 1103 1169 1166; x_wconf 85' lang='lat' dir='ltr'>praestat,</span> <span class='ocrx_word' id='word_1_104' title='bbox 1205 1105 1272 1151; x_wconf 91' lang='lat' dir='ltr'>his</span> <span class='ocrx_word' id='word_1_105' title='bbox 1292 1121 1419 1152; x_wconf 85' lang='lat' dir='ltr'>natu-</span> 
     </span>
     <span class='ocr_line' id='line_1_15' title="bbox 135 1176 1418 1240; baseline 0.001 -17"><span class='ocrx_word' id='word_1_106' title='bbox 135 1195 195 1224; x_wconf 87' lang='lat' dir='ltr'>ra.</span> <span class='ocrx_word' id='word_1_107' title='bbox 231 1179 377 1224; x_wconf 87' lang='lat' dir='ltr'>Nemo</span> <span class='ocrx_word' id='word_1_108' title='bbox 418 1194 548 1240; x_wconf 84' lang='lat' dir='ltr'>aegre</span> <span class='ocrx_word' id='word_1_109' title='bbox 584 1176 762 1222; x_wconf 86' lang='lat' dir='ltr'>molitur</span> <span class='ocrx_word' id='word_1_110' title='bbox 796 1189 911 1222; x_wconf 84' lang='lat' dir='ltr'>artus</span> <span class='ocrx_word' id='word_1_111' title='bbox 943 1177 1071 1233; x_wconf 86' lang='lat' dir='ltr'>suos,</span> <span class='ocrx_word' id='word_1_112' title='bbox 1114 1192 1247 1221; x_wconf 86' lang='lat' dir='ltr'>nemo</span> <span class='ocrx_word' id='word_1_113' title='bbox 1272 1176 1317 1222; x_wconf 91' lang='lat' dir='ltr'>in</span> <span class='ocrx_word' id='word_1_114' title='bbox 1342 1178 1418 1224; x_wconf 81' lang='lat' dir='ltr'>usu</span> 
     </span>
     <span class='ocr_line' id='line_1_16' title="bbox 137 1247 1419 1310; baseline -0.001 -13"><span class='ocrx_word' id='word_1_115' title='bbox 137 1251 199 1297; x_wconf 85' lang='lat' dir='ltr'>sui</span> <span class='ocrx_word' id='word_1_116' title='bbox 228 1250 358 1296; x_wconf 83' lang='lat' dir='ltr'>haesit</span> <span class='ocrx_word' id='word_1_117' title='bbox 379 1268 390 1296; x_wconf 73' lang='grc' dir='ltr'><em>τ</em></span> <span class='ocrx_word' id='word_1_118' title='bbox 418 1250 471 1296; x_wconf 87' lang='lat' dir='ltr'>ad</span> <span class='ocrx_word' id='word_1_119' title='bbox 503 1250 591 1295; x_wconf 90' lang='lat' dir='ltr'>hoc</span> <span class='ocrx_word' id='word_1_120' title='bbox 621 1248 734 1294; x_wconf 90' lang='lat' dir='ltr'>edita</span> <span class='ocrx_word' id='word_1_121' title='bbox 757 1283 769 1304; x_wconf 91' lang='lat'>‚</span> <span class='ocrx_word' id='word_1_122' title='bbox 795 1248 994 1310; x_wconf 81' lang='lat' dir='ltr'>protinus</span> <span class='ocrx_word' id='word_1_123' title='bbox 1015 1247 1192 1295; x_wconf 84' lang='lat' dir='ltr'>faciunt.</span> <span class='ocrx_word' id='word_1_124' title='bbox 1208 1248 1322 1295; x_wconf 86' lang='lat' dir='ltr'>Cum</span> <span class='ocrx_word' id='word_1_125' title='bbox 1339 1251 1419 1297; x_wconf 84' lang='lat' dir='ltr'>hac</span> 
     </span>
     <span class='ocr_line' id='line_1_17' title="bbox 136 1320 1419 1386; baseline 0 -16"><span class='ocrx_word' id='word_1_126' title='bbox 136 1322 309 1370; x_wconf 86' lang='lat' dir='ltr'>scientia</span> <span class='ocrx_word' id='word_1_127' title='bbox 334 1323 584 1385; x_wconf 82' lang='lat' dir='ltr'>prodeunt,</span> <span class='ocrx_word' id='word_1_128' title='bbox 612 1321 802 1366; x_wconf 82' lang='lat' dir='ltr'>instituta</span> <span class='ocrx_word' id='word_1_129' title='bbox 836 1320 1077 1366; x_wconf 81' lang='lat' dir='ltr'>nascuntur.</span> <span class='ocrx_word' id='word_1_130' title='bbox 1100 1322 1226 1378; x_wconf 80' lang='lat' dir='ltr'>Ideo,</span> <span class='ocrx_word' id='word_1_131' title='bbox 1247 1322 1419 1386; x_wconf 84' lang='lat' dir='ltr'>inquit,</span> 
     </span>
     <span class='ocr_line' id='line_1_18' title="bbox 138 1393 1421 1458; baseline -0.002 -16"><span class='ocrx_word' id='word_1_132' title='bbox 138 1408 280 1458; x_wconf 82' lang='lat' dir='ltr'>partes</span> <span class='ocrx_word' id='word_1_133' title='bbox 310 1395 404 1442; x_wconf 88' lang='lat' dir='ltr'>suas</span> <span class='ocrx_word' id='word_1_134' title='bbox 432 1394 631 1441; x_wconf 85' lang='lat' dir='ltr'>animalia</span> <span class='ocrx_word' id='word_1_135' title='bbox 661 1406 759 1455; x_wconf 86' lang='lat' dir='ltr'>apte</span> <span class='ocrx_word' id='word_1_136' title='bbox 797 1394 1069 1440; x_wconf 89' lang='lat' dir='ltr'>movebunt:</span> <span class='ocrx_word' id='word_1_137' title='bbox 1105 1393 1205 1456; x_wconf 87' lang='lat' dir='ltr'>quia</span> <span class='ocrx_word' id='word_1_138' title='bbox 1237 1394 1268 1440; x_wconf 88' lang='lat' dir='ltr'>fi</span> <span class='ocrx_word' id='word_1_139' title='bbox 1299 1395 1421 1440; x_wconf 88' lang='lat' dir='ltr'>aliter</span> 
     </span>
     <span class='ocr_line' id='line_1_19' title="bbox 138 1466 1421 1532; baseline -0.002 -17"><span class='ocrx_word' id='word_1_140' title='bbox 138 1469 364 1532; x_wconf 55' lang='lat' dir='ltr'>{noverint</span> <span class='ocrx_word' id='word_1_141' title='bbox 385 1504 398 1525; x_wconf 92' lang='lat'>‚</span> <span class='ocrx_word' id='word_1_142' title='bbox 429 1467 632 1513; x_wconf 86' lang='lat' dir='ltr'>dolorem</span> <span class='ocrx_word' id='word_1_143' title='bbox 668 1466 835 1515; x_wconf 86' lang='lat' dir='ltr'>sensura</span> <span class='ocrx_word' id='word_1_144' title='bbox 866 1466 972 1513; x_wconf 88' lang='lat' dir='ltr'>sunt.</span> <span class='ocrx_word' id='word_1_145' title='bbox 1008 1469 1094 1522; x_wconf 88' lang='lat' dir='ltr'>lta,</span> <span class='ocrx_word' id='word_1_146' title='bbox 1126 1477 1173 1511; x_wconf 91' lang='lat' dir='ltr'>ut</span> <span class='ocrx_word' id='word_1_147' title='bbox 1199 1481 1282 1513; x_wconf 90' lang='lat' dir='ltr'>vos</span> <span class='ocrx_word' id='word_1_148' title='bbox 1312 1467 1421 1513; x_wconf 92' lang='lat' dir='ltr'>dici-</span> 
     </span>
     <span class='ocr_line' id='line_1_20' title="bbox 141 1529 1424 1604; baseline -0.001 -15"><span class='ocrx_word' id='word_1_149' title='bbox 141 1529 225 1598; x_wconf 62' lang='lat' dir='ltr'>ils,</span> <span class='ocrx_word' id='word_1_150' title='bbox 262 1553 508 1604; x_wconf 85' lang='lat' dir='ltr'>coguntur,</span> <span class='ocrx_word' id='word_1_151' title='bbox 540 1540 763 1602; x_wconf 88' lang='lat' dir='ltr'>metusque</span> <span class='ocrx_word' id='word_1_152' title='bbox 797 1540 866 1585; x_wconf 90' lang='lat' dir='ltr'>illa</span> <span class='ocrx_word' id='word_1_153' title='bbox 902 1541 947 1585; x_wconf 87' lang='lat' dir='ltr'>in</span> <span class='ocrx_word' id='word_1_154' title='bbox 982 1540 1179 1597; x_wconf 57' lang='lat' dir='ltr'>metum,</span> <span class='ocrx_word' id='word_1_155' title='bbox 1213 1556 1305 1586; x_wconf 88' lang='lat' dir='ltr'>non</span> <span class='ocrx_word' id='word_1_156' title='bbox 1335 1559 1424 1588; x_wconf 89' lang='lat' dir='ltr'>vo-</span> 
     </span>
     <span class='ocr_line' id='line_1_21' title="bbox 142 1612 1425 1676; baseline 0.002 -18"><span class='ocrx_word' id='word_1_157' title='bbox 142 1613 281 1660; x_wconf 77' lang='lat' dir='ltr'>luntas</span> <span class='ocrx_word' id='word_1_158' title='bbox 315 1629 497 1668; x_wconf 87' lang='lat' dir='ltr'>movet;</span> <span class='ocrx_word' id='word_1_159' title='bbox 522 1614 644 1676; x_wconf 86' lang='lat' dir='ltr'>quod</span> <span class='ocrx_word' id='word_1_160' title='bbox 678 1612 739 1658; x_wconf 84' lang='lat' dir='ltr'>est</span> <span class='ocrx_word' id='word_1_161' title='bbox 771 1612 943 1658; x_wconf 87' lang='lat' dir='ltr'>falsum.</span> <span class='ocrx_word' id='word_1_162' title='bbox 975 1612 1122 1658; x_wconf 87' lang='lat' dir='ltr'>Tarda</span> <span class='ocrx_word' id='word_1_163' title='bbox 1154 1612 1271 1660; x_wconf 90' lang='lat' dir='ltr'>enim</span> <span class='ocrx_word' id='word_1_164' title='bbox 1297 1614 1425 1672; x_wconf 86' lang='lat' dir='ltr'>sunt,</span> 
     </span>
     <span class='ocr_line' id='line_1_22' title="bbox 143 1685 1424 1750; baseline 0.002 -18"><span class='ocrx_word' id='word_1_165' title='bbox 143 1703 254 1750; x_wconf 86' lang='lat' dir='ltr'>quae</span> <span class='ocrx_word' id='word_1_166' title='bbox 289 1685 532 1732; x_wconf 79' lang='lat' dir='ltr'>necestitate</span> <span class='ocrx_word' id='word_1_167' title='bbox 576 1686 874 1748; x_wconf 84' lang='lat' dir='ltr'>impelluntur.</span> <span class='ocrx_word' id='word_1_168' title='bbox 921 1685 1128 1747; x_wconf 85' lang='lat' dir='ltr'>Agilitas‚</span> <span class='ocrx_word' id='word_1_169' title='bbox 1163 1685 1424 1747; x_wconf 87' lang='lat' dir='ltr'>spontaneus</span> 
     </span>
     <span class='ocr_line' id='line_1_23' title="bbox 144 1757 1424 1820; baseline -0.001 -13"><span class='ocrx_word' id='word_1_170' title='bbox 144 1773 294 1807; x_wconf 82' lang='lat' dir='ltr'>motus</span> <span class='ocrx_word' id='word_1_171' title='bbox 317 1759 386 1805; x_wconf 86' lang='lat' dir='ltr'>est.</span> <span class='ocrx_word' id='word_1_172' title='bbox 419 1759 544 1806; x_wconf 90' lang='lat' dir='ltr'>Adeo</span> <span class='ocrx_word' id='word_1_173' title='bbox 573 1772 716 1805; x_wconf 88' lang='lat' dir='ltr'>autem</span> <span class='ocrx_word' id='word_1_174' title='bbox 753 1775 844 1804; x_wconf 91' lang='lat' dir='ltr'>non</span> <span class='ocrx_word' id='word_1_175' title='bbox 870 1758 1004 1820; x_wconf 79' lang='lat' dir='ltr'>adigit</span> <span class='ocrx_word' id='word_1_176' title='bbox 1036 1757 1104 1803; x_wconf 89' lang='lat' dir='ltr'>illa</span> <span class='ocrx_word' id='word_1_177' title='bbox 1135 1759 1189 1805; x_wconf 88' lang='lat' dir='ltr'>ad</span> <span class='ocrx_word' id='word_1_178' title='bbox 1218 1758 1306 1806; x_wconf 89' lang='lat' dir='ltr'>hoc</span> <span class='ocrx_word' id='word_1_179' title='bbox 1338 1760 1424 1806; x_wconf 91' lang='lat' dir='ltr'>do-</span> 
     </span>
     <span class='ocr_line' id='line_1_24' title="bbox 144 1831 1425 1889; baseline 0 -11"><span class='ocrx_word' id='word_1_180' title='bbox 144 1832 252 1879; x_wconf 88' lang='lat' dir='ltr'>loris</span> <span class='ocrx_word' id='word_1_181' title='bbox 281 1831 448 1889; x_wconf 86' lang='lat' dir='ltr'>timor,</span> <span class='ocrx_word' id='word_1_182' title='bbox 485 1847 535 1878; x_wconf 85' lang='lat' dir='ltr'>ut</span> <span class='ocrx_word' id='word_1_183' title='bbox 560 1832 605 1878; x_wconf 89' lang='lat' dir='ltr'>in</span> <span class='ocrx_word' id='word_1_184' title='bbox 630 1831 864 1877; x_wconf 85' lang='lat' dir='ltr'>naturalem</span> <span class='ocrx_word' id='word_1_185' title='bbox 898 1842 1068 1876; x_wconf 87' lang='lat' dir='ltr'>motum</span> <span class='ocrx_word' id='word_1_186' title='bbox 1109 1831 1239 1878; x_wconf 89' lang='lat' dir='ltr'>etiam</span> <span class='ocrx_word' id='word_1_187' title='bbox 1271 1832 1425 1879; x_wconf 89' lang='lat' dir='ltr'>dolore</span> 
     </span>
     <span class='ocr_line' id='line_1_25' title="bbox 146 1902 1428 1967; baseline 0.002 -18"><span class='ocrx_word' id='word_1_188' title='bbox 146 1904 405 1967; x_wconf 89' lang='lat' dir='ltr'>prohibente</span> <span class='ocrx_word' id='word_1_189' title='bbox 434 1906 638 1951; x_wconf 88' lang='lat' dir='ltr'>nitantur.</span> <span class='ocrx_word' id='word_1_190' title='bbox 662 1905 732 1950; x_wconf 89' lang='lat' dir='ltr'>Sic</span> <span class='ocrx_word' id='word_1_191' title='bbox 759 1902 899 1949; x_wconf 84' lang='lat' dir='ltr'>infans</span> <span class='ocrx_word' id='word_1_192' title='bbox 931 1903 1009 1966; x_wconf 88' lang='lat' dir='ltr'>qui</span> <span class='ocrx_word' id='word_1_193' title='bbox 1030 1903 1136 1950; x_wconf 89' lang='lat' dir='ltr'>stare</span> <span class='ocrx_word' id='word_1_194' title='bbox 1161 1905 1428 1963; x_wconf 86' lang='lat' dir='ltr'>meditatur,</span> 
     </span>
     <span class='ocr_line' id='line_1_26' title="bbox 149 1974 1427 2032; baseline 0.004 -12"><span class='ocrx_word' id='word_1_195' title='bbox 149 1988 191 2021; x_wconf 90' lang='lat' dir='ltr'>et</span> <span class='ocrx_word' id='word_1_196' title='bbox 212 1974 327 2021; x_wconf 89' lang='lat' dir='ltr'>ferre</span> <span class='ocrx_word' id='word_1_197' title='bbox 361 1975 402 2023; x_wconf 92' lang='lat' dir='ltr'>se</span> <span class='ocrx_word' id='word_1_198' title='bbox 437 1976 664 2032; x_wconf 74' lang='lat' dir='ltr'>assuescit,</span> <span class='ocrx_word' id='word_1_199' title='bbox 700 1975 823 2020; x_wconf 86' lang='lat' dir='ltr'>fimul</span> <span class='ocrx_word' id='word_1_200' title='bbox 855 1987 1021 2021; x_wconf 88' lang='lat' dir='ltr'>tentare</span> <span class='ocrx_word' id='word_1_201' title='bbox 1046 1976 1286 2028; x_wconf 78' lang='lat' dir='ltr'>viressuas</span> <span class='ocrx_word' id='word_1_202' title='bbox 1323 1995 1427 2025; x_wconf 91' lang='lat' dir='ltr'>coe-</span> 
     </span>
     <span class='ocr_line' id='line_1_27' title="bbox 149 2038 1428 2112; baseline 0.003 -19"><span class='ocrx_word' id='word_1_203' title='bbox 149 2049 216 2110; x_wconf 87' lang='lat' dir='ltr'>pit</span> <span class='ocrx_word' id='word_1_204' title='bbox 237 2084 251 2105; x_wconf 88' lang='lat'>,</span> <span class='ocrx_word' id='word_1_205' title='bbox 279 2049 424 2094; x_wconf 88' lang='lat' dir='ltr'>cadit:</span> <span class='ocrx_word' id='word_1_206' title='bbox 459 2062 501 2096; x_wconf 91' lang='lat' dir='ltr'>et</span> <span class='ocrx_word' id='word_1_207' title='bbox 533 2066 635 2096; x_wconf 91' lang='lat' dir='ltr'>cum</span> <span class='ocrx_word' id='word_1_208' title='bbox 667 2048 770 2094; x_wconf 85' lang='lat' dir='ltr'>fletu</span> <span class='ocrx_word' id='word_1_209' title='bbox 799 2048 928 2094; x_wconf 89' lang='lat' dir='ltr'>toties</span> <span class='ocrx_word' id='word_1_210' title='bbox 967 2038 1178 2112; x_wconf 82' lang='lat' dir='ltr'>resurgit,</span> <span class='ocrx_word' id='word_1_211' title='bbox 1211 2050 1354 2096; x_wconf 90' lang='lat' dir='ltr'>donee</span> <span class='ocrx_word' id='word_1_212' title='bbox 1386 2051 1428 2098; x_wconf 90' lang='lat' dir='ltr'>se</span> 
     </span>
     <span class='ocr_line' id='line_1_28' title="bbox 150 2123 1431 2186; baseline 0.003 -19"><span class='ocrx_word' id='word_1_213' title='bbox 150 2139 228 2184; x_wconf 90' lang='lat' dir='ltr'>per</span> <span class='ocrx_word' id='word_1_214' title='bbox 259 2123 459 2169; x_wconf 89' lang='lat' dir='ltr'>dolorem</span> <span class='ocrx_word' id='word_1_215' title='bbox 503 2123 558 2169; x_wconf 88' lang='lat' dir='ltr'>ad</span> <span class='ocrx_word' id='word_1_216' title='bbox 594 2123 638 2169; x_wconf 92' lang='lat' dir='ltr'>id</span> <span class='ocrx_word' id='word_1_217' title='bbox 673 2123 796 2186; x_wconf 90' lang='lat' dir='ltr'>quod</span> <span class='ocrx_word' id='word_1_218' title='bbox 834 2134 983 2167; x_wconf 90' lang='lat' dir='ltr'>natura</span> <span class='ocrx_word' id='word_1_219' title='bbox 1012 2123 1187 2184; x_wconf 85' lang='lat' dir='ltr'>poscit,</span> <span class='ocrx_word' id='word_1_220' title='bbox 1223 2125 1431 2172; x_wconf 85' lang='lat' dir='ltr'>exercuit.</span> 
     </span>
     <span class='ocr_line' id='line_1_29' title="bbox 151 2194 1430 2257; baseline 0.003 -17"><span class='ocrx_word' id='word_1_221' title='bbox 151 2194 365 2240; x_wconf 83' lang='lat' dir='ltr'>Animalia</span> <span class='ocrx_word' id='word_1_222' title='bbox 397 2196 610 2257; x_wconf 87' lang='lat' dir='ltr'>quaedam</span> <span class='ocrx_word' id='word_1_223' title='bbox 645 2194 756 2257; x_wconf 85' lang='lat' dir='ltr'>tergi</span> <span class='ocrx_word' id='word_1_224' title='bbox 781 2194 969 2241; x_wconf 88' lang='lat' dir='ltr'>durioris</span> <span class='ocrx_word' id='word_1_225' title='bbox 997 2194 1166 2241; x_wconf 88' lang='lat' dir='ltr'>inversa</span> <span class='ocrx_word' id='word_1_226' title='bbox 1200 2196 1368 2242; x_wconf 87' lang='lat' dir='ltr'>tamdiu</span> <span class='ocrx_word' id='word_1_227' title='bbox 1387 2198 1430 2244; x_wconf 89' lang='lat' dir='ltr'>se</span> 
     </span>
     <span class='ocr_line' id='line_1_30' title="bbox 151 2267 1430 2331; baseline 0.003 -18"><span class='ocrx_word' id='word_1_228' title='bbox 151 2279 386 2329; x_wconf 80' lang='lat' dir='ltr'>torquent,</span> <span class='ocrx_word' id='word_1_229' title='bbox 419 2285 468 2315; x_wconf 94' lang='lat' dir='ltr'>ac</span> <span class='ocrx_word' id='word_1_230' title='bbox 500 2270 633 2331; x_wconf 91' lang='lat' dir='ltr'>pedes</span> <span class='ocrx_word' id='word_1_231' title='bbox 660 2267 892 2326; x_wconf 86' lang='lat' dir='ltr'>exserunt,</span> <span class='ocrx_word' id='word_1_232' title='bbox 927 2280 972 2315; x_wconf 92' lang='lat' dir='ltr'>et</span> <span class='ocrx_word' id='word_1_233' title='bbox 999 2267 1259 2331; x_wconf 85' lang='lat' dir='ltr'>obliquant,</span> <span class='ocrx_word' id='word_1_234' title='bbox 1284 2270 1430 2318; x_wconf 88' lang='lat' dir='ltr'>donec</span> 
     </span>
     <span class='ocr_line' id='line_1_31' title="bbox 152 2339 1429 2403; baseline 0.003 -18"><span class='ocrx_word' id='word_1_235' title='bbox 152 2339 207 2386; x_wconf 89' lang='lat' dir='ltr'>ad</span> <span class='ocrx_word' id='word_1_236' title='bbox 236 2340 382 2387; x_wconf 89' lang='lat' dir='ltr'>locum</span> <span class='ocrx_word' id='word_1_237' title='bbox 413 2354 692 2403; x_wconf 86' lang='lat' dir='ltr'>reponantur.</span> <span class='ocrx_word' id='word_1_238' title='bbox 716 2339 895 2386; x_wconf 89' lang='lat' dir='ltr'>Nullum</span> <span class='ocrx_word' id='word_1_239' title='bbox 927 2351 1195 2388; x_wconf 88' lang='lat' dir='ltr'>tormentum</span> <span class='ocrx_word' id='word_1_240' title='bbox 1214 2342 1337 2388; x_wconf 89' lang='lat' dir='ltr'>sentit</span> <span class='ocrx_word' id='word_1_241' title='bbox 1358 2343 1429 2390; x_wconf 87' lang='lat' dir='ltr'>su-</span> 
     </span>
     <span class='ocr_line' id='line_1_32' title="bbox 154 2412 1431 2478; baseline 0.002 -19"><span class='ocrx_word' id='word_1_242' title='bbox 154 2413 302 2476; x_wconf 86' lang='lat' dir='ltr'>pinata</span> <span class='ocrx_word' id='word_1_243' title='bbox 333 2414 518 2464; x_wconf 88' lang='lat' dir='ltr'>testudo.</span> <span class='ocrx_word' id='word_1_244' title='bbox 539 2414 733 2478; x_wconf 89' lang='lat' dir='ltr'>inquieta</span> <span class='ocrx_word' id='word_1_245' title='bbox 766 2412 826 2460; x_wconf 89' lang='lat' dir='ltr'>est</span> <span class='ocrx_word' id='word_1_246' title='bbox 847 2426 992 2461; x_wconf 88' lang='lat' dir='ltr'>tamen</span> <span class='ocrx_word' id='word_1_247' title='bbox 1016 2414 1231 2465; x_wconf 77' lang='lat' dir='ltr'>desiderio</span> <span class='ocrx_word' id='word_1_248' title='bbox 1259 2427 1431 2463; x_wconf 79' lang='lat' dir='ltr'>natura-</span> 
     </span>
    </p>
   </div>
  </div>
 </body>
</html>
