1730 2870
524 166 1104 218 prsTOLAE.
1393 177 1447 226 5³

180 300 285 330 num
318 279 630 328 mutationibus
666 290 890 339 temperat.
921 273 1089 321 Nubilo
1123 269 1269 317 serena
1301 267 1451 316 sticce-

179 358 286 404 dunt
307 374 317 402 ε
340 356 566 401 turbantur
586 353 719 398 maria
733 387 746 407 ‚
773 368 873 398 cum
894 348 1156 412 quieverunt
1177 362 1187 391 :
1210 343 1317 390 flant
1337 341 1452 388 invi-

179 443 273 473 cem
303 427 424 473 venti
453 443 464 472 :
497 425 672 471 nostem
701 424 792 470 dies
821 422 1043 484 sequitur:
1073 433 1169 481 pars
1193 415 1306 464 coeli
1336 429 1451 461 con-

178 498 336 562 surgit,
366 515 463 561 pars
493 497 701 561 mergitur
728 514 739 542 :
773 493 1004 543 contrariis
1039 507 1184 538 rerum
1219 487 1450 536 aeternitas

177 570 359 617 constat.
394 571 459 616 Ad
482 572 591 617 hanc
615 571 750 632 legem
784 569 954 614 animus
972 565 1117 612 noster
1136 563 1345 626 aptandus
1363 559 1450 606 est:

175 641 289 688 hanc
320 645 515 704 {equatur
534 677 547 698 ‚
579 641 679 686 huic
703 645 886 702 pareat,
919 651 960 684 et
995 651 1281 699 quaecunque
1310 631 1451 689 fiunt,

175 714 369 761 debuifl'e
407 714 497 760 fieri
525 727 645 777 putet
680 730 690 759 :
728 730 806 761 nec
837 713 944 759 velit
980 709 1212 772 obiurgare
1241 721 1451 752 naturam.

175 790 410 850 Optimum
441 789 500 835 est
534 788 651 851 pati,
680 789 800 851 quod
835 786 1069 833 emendare
1091 799 1180 829 non
1212 778 1342 842 poffis
1367 795 1378 825 :
1409 790 1477 824 et-

176 861 328 908 Deum
345 897 358 918 ,
388 879 482 925 quo
504 863 679 909 auclore
707 863 859 908 cunila
885 858 1182 923 proveniunt,
1211 853 1298 900 fine
1325 869 1452 900 mur·-

176 936 423 981 mur'atione
449 936 663 982 comitari.
693 935 834 981 Malus
856 934 980 979 miles
1007 930 1094 988 est,
1121 928 1194 992 qui
1213 927 1453 990 imperato-

175 1025 268 1054 rem
299 1025 476 1070 gemens
509 1010 710 1075 sequitur.
742 1009 893 1068 Quare
924 1003 1099 1067 impigri
1131 1017 1261 1065 atque
1291 1001 1454 1047 alacres

177 1082 444 1143 excipiamus
462 1083 671 1144 imperia,
694 1098 771 1128 nec
792 1079 1038 1126 deseramus
1056 1078 1172 1125 hunc
1193 1075 1339 1139 operis
1359 1073 1455 1138 pul-

177 1154 612 1212 cherrimicurffim,
650 1155 720 1201 cui
750 1155 963 1217 quidquid
993 1153 1203 1216 patimur,
1238 1150 1454 1195 intextum

175 1227 236 1272 est
264 1245 275 1273 :
313 1240 355 1273 et
383 1228 438 1273 sic
469 1227 745 1290 alloquamur
778 1230 961 1282 lovem,
996 1226 1117 1271 cuius
1154 1220 1453 1286 gubernaculo

175 1302 313 1348 moles
342 1301 416 1346 ista
446 1301 673 1365 dirigitur,
697 1300 1072 1364 quemadmodum
1102 1295 1337 1343 Cleanthes
1366 1311 1453 1364 no-

174 1371 259 1419 ster
288 1373 478 1420 versibus
514 1373 791 1421 disertissimis
826 1374 1076 1436 alloquitur.
1111 1387 1225 1434 quos
1266 1368 1374 1415 mihi
1407 1367 1454 1413 in

176 1445 372 1492 nostrum
408 1447 653 1494 sermonem
687 1461 855 1495 mutare
891 1446 1154 1510 permittitur
1175 1482 1186 1504 ‚
1221 1438 1454 1490 Ciceronis

176 1517 262 1563 viri
290 1518 548 1565 disertiffimi
580 1520 800 1583 exemplO.
832 1521 875 1566 Si
902 1521 1171 1583 placuerint,
1205 1516 1313 1563 boni
1340 1532 1453 1562 con-

175 1591 314 1638 sules:
341 1592 370 1638 fi
406 1593 718 1656 displicuerint,
746 1594 850 1642 scies
878 1611 949 1641 me
980 1594 1026 1640 in
1044 1594 1132 1641 hoc
1159 1594 1358 1640 secutum
1376 1590 1455 1637 Ci-

177 1666 352 1712 ceronis
374 1668 637 1730 exemplum.

243 1776 347 1819 Due
377 1794 438 1820 me
455 1795 608 1836 parens
622 1811 635 1831 ,
668 1777 830 1842 celsique
851 1778 1091 1822 dominator
1112 1778 1203 1835 poll
1215 1811 1230 1833 ,

242 1850 494 1908 Quocunque
507 1853 679 1908 placuit.
715 1853 833 1895 nulla
842 1852 1020 1910 parendi
1039 1868 1153 1895 mora
1176 1852 1240 1917 est.

245 1925 289 1964 A
290 1919 397 1982 ffum
418 1924 595 1983 impiger.
622 1923 703 1981 fizc
729 1925 846 1967 nolle.
878 1925 1105 1968 comitabor
1116 1941 1278 1984 gemens
1294 1941 1311 1968 ‚⁹

244 1997 429 2040 Ducunt
451 2000 645 2041 volentem
663 1997 766 2056 fata
782 2029 797 2050 ,
831 2000 1031 2042 nolentem
1058 1996 1248 2044 trahunt.

241 2068 460 2128 illuluscjyue
474 2072 644 2128 patiar,
664 2071 880 2130 quodpaci
901 2071 1019 2115 licuit
1042 2072 1164 2116 bono.

177 2174 245 2221 Sic
265 2174 492 2232 vivamus,
520 2175 576 2222 fic
599 2175 841 2240 loquamur.
870 2191 1044 2238 paratos
1072 2194 1153 2224 nos
1181 2176 1376 2226 inveniat
1394 2194 1458 2227 ata

176 2265 262 2310 que
282 2247 494 2310 impigros
514 2249 666 2297 fatum.
693 2250 779 2297 Hic
807 2250 866 2297 est
897 2267 1078 2313 magnus
1101 2251 1297 2308 animus,
1321 2253 1458 2317 quise

177 2322 285 2368 Deo
303 2322 479 2369 tradidit
501 2341 512 2370 :
535 2335 576 2369 at
602 2339 757 2370 contra
785 2324 852 2370 ille
874 2324 1047 2386 pusillus
1073 2341 1123 2371 ac
1149 2325 1361 2390 degener,
1380 2327 1458 2390 qui

179 2396 422 2442 obluctatur
439 2431 452 2455 ,
484 2408 526 2443 et
558 2397 612 2444 de
641 2395 799 2444 ordine
829 2398 982 2444 mundi
1009 2400 1120 2447 male
1143 2400 1385 2464 existimat,
1414 2416 1459 2451 et

178 2471 410 2518 emendate
430 2472 601 2523 mavult
624 2473 730 2520 deos
744 2505 760 2531 ,
791 2484 923 2539 quam
944 2472 1000 2522 se.
