1730 2870
213 177 276 231 '40
434 169 484 218 L.
534 168 835 214 ΑΝΝΑΕΙ
888 168 1249 216 SENECAE

213 275 325 338 fugit
356 293 365 322 :
394 275 528 338 magis
561 290 705 321 autem
734 274 936 336 periculis
968 289 1166 339 patemus
1194 276 1343 324 aversi,
1377 280 1490 324 Gra-

211 347 432 395 viffimum
477 347 688 394 iudicabis
723 348 917 404 malum,
964 349 1155 410 aliquem
1192 366 1245 395 ex
1276 349 1341 395 his
1377 367 1492 412 quos

210 423 375 469 amabis
395 422 592 470 amittere
613 440 624 468 :
644 439 745 468 cum
762 422 936 468 interim
957 423 1043 470 hoc
1063 438 1149 469 tam
1170 424 1368 486 ineptum
1389 425 1490 483 erit,

213 510 345 556 quam
388 492 496 540 flere
520 529 532 548 ‚
571 493 695 555 quod
729 493 958 539 arboribus
998 495 1195 542 amoenis
1228 509 1270 542 et
1305 497 1490 542 domum

208 579 325 612 tuam
342 565 594 612 ornantibus
611 565 814 612 decidant
834 564 955 611 folia.
982 567 1215 629 Quidquid
1234 582 1277 614 te
1295 568 1491 624 delectat,

208 652 345 697 aeque
381 636 503 699 viget
522 672 536 693 ,
565 648 614 681 ut
646 637 815 692 videras
841 637 942 682 dum
981 637 1160 684 vireret.
1194 639 1344 699 utique
1375 640 1489 686 aliud

207 708 296 753 alio
317 708 385 754 die
412 708 532 755 casus
553 708 758 755 excutiet,
779 709 850 753 sed
869 710 1241 770 quemadmodum
1261 711 1488 757 frondium

206 780 364 828 iactura
380 781 517 829 facilis
537 780 596 826 est
610 816 624 836 ,
646 782 748 842 quia
773 783 1078 828 renascuntur:
1101 782 1157 829 fic
1177 783 1359 829 istorum
1377 801 1491 847 quos

204 870 323 901 amas
341 891 354 911 ,
380 854 576 917 quosque
599 854 914 900 oblectamenta
939 853 1055 899 vitae
1076 867 1198 915 putas
1217 855 1302 901 effe
1318 892 1331 912 ,
1362 857 1487 901 dam-

206 942 354 975 num:
406 925 509 988 quia
554 942 830 987 reparantur,
866 924 1026 971 etiamsi
1079 943 1169 971 non
1205 927 1492 975 renascantur.

206 998 290 1042 Sed
310 1014 399 1042 non
426 1009 551 1045 erunt
581 997 729 1042 iidem.
754 998 822 1042 Ne
851 1010 897 1042 tu
918 997 1094 1059 quidem
1116 998 1233 1045 idem
1259 999 1356 1045 eris.
1386 1015 1487 1044 om-

204 1070 271 1118 nis
299 1070 415 1125 dies,
446 1070 590 1116 omnis
627 1070 733 1117 hora
761 1083 803 1116 te
829 1084 995 1121 mutat:
1029 1071 1103 1117 sed
1134 1071 1179 1117 in
1216 1070 1309 1117 aliis
1341 1070 1491 1132 rapina

204 1142 373 1191 facilius
398 1155 601 1205 apparet:
631 1143 701 1190 hic
729 1144 859 1197 latet,
897 1144 1001 1206 quia
1035 1161 1137 1189 non-
1160 1161 1213 1190 ex
1242 1157 1397 1206 aperto
1424 1143 1490 1192 fit.

207 1216 295 1262 Alii
320 1215 575 1262 auferuntur
595 1234 605 1262 z
628 1233 670 1262 at
690 1216 765 1278 ipsi
787 1216 913 1263 nobis
937 1215 1055 1262 furto
1076 1217 1371 1264 subducimur.
1392 1218 1490 1263 H0-.

206 1305 304 1336 rum
337 1287 446 1333 nihil
477 1287 717 1350 cogitabis,
744 1304 825 1335 nec
857 1288 1046 1333 remedia
1077 1287 1330 1334 vulneribus
1351 1305 1492 1350 appo-

207 1377 312 1417 nes,
341 1360 413 1407 sed
447 1360 537 1422 ipse
573 1360 651 1406 tibi
690 1360 801 1407 seres
838 1361 1160 1407 solicitudinum
1198 1360 1369 1419 causas,
1411 1361 1492 1408 alia

206 1434 424 1497 sperando
442 1470 454 1492 ,
476 1435 555 1480 alia
588 1433 889 1496 desperando?
919 1435 962 1481 si
989 1436 1125 1497 sapis,
1153 1437 1337 1483 alterum
1365 1435 1490 1482 alteri

206 1506 412 1555 misceas:
435 1523 515 1553 nec
530 1507 768 1569 speraveris
787 1509 876 1555 fine
894 1509 1192 1572 desperatione
1208 1546 1221 1566 ,
1240 1527 1321 1556 nec
1339 1508 1490 1571 despe-

206 1578 373 1627 raveris
398 1579 485 1627 fine
514 1579 598 1641 spe.
629 1580 752 1641 Quid
784 1599 862 1643 per
894 1582 935 1628 se
967 1583 1166 1646 prodeffe
1194 1582 1489 1645 peregrinatio

207 1652 415 1716 cuiquam
452 1652 633 1716 potuit?
675 1654 780 1700 Non
815 1655 1062 1717 voluptates
1093 1656 1163 1701 illa
1196 1656 1489 1717 temperavit,

208 1742 301 1771 non
323 1724 578 1788 cupiditates
606 1724 894 1784 refraenavit,
927 1744 1018 1774 non
1043 1728 1128 1774 iras
1152 1728 1361 1790 repreffit,
1395 1745 1487 1774 non

209 1797 450 1846 indomitos
470 1795 632 1844 amoris
652 1798 839 1859 impetus
868 1798 1019 1861 fregit,
1039 1799 1154 1845 nulla
1184 1799 1373 1862 denique
1394 1799 1493 1845 ani-⁷

209 1888 289 1919 mo
321 1871 432 1919 mala
454 1870 627 1927 eduxit,
658 1887 747 1916 non
773 1870 983 1919 iudicium
1015 1873 1163 1929 dedit,
1198 1888 1289 1917 non
1308 1872 1489 1918 excuffit

211 1961 410 1992 errorem
431 1962 441 1990 :
468 1943 540 1990 sed
561 1957 608 1990 ut
629 1961 810 2006 puerum
832 1944 984 2007 ignota
1005 1946 1236 1992 mirantem
1253 1980 1269 2001 ,
1285 1945 1338 1990 ad
1353 1944 1494 1993 breve*

210 2031 383 2080 tempus
402 2035 547 2065 rerum
575 2018 717 2081 aliqua
736 2019 930 2066 novitate
956 2020 1152 2066 detinuit.
1184 2021 1392 2066 Ceterum
1415 2019 1487 2065 in-

209 2090 500 2141 constantiam
532 2090 718 2147 mentis,
741 2108 852 2154 quae
884 2107 986 2138 cum
1018 2091 1207 2137 maxime
1240 2105 1368 2152 aegra
1395 2089 1455 2137 est
1474 2126 1490 2148 ,

210 2162 396 2218 laceffit‚
434 2163 716 2209 mobiliorem
744 2163 1047 2226 levioremque
1071 2163 1212 2211 reddit
1244 2162 1332 2226 ipsa
1361 2162 1491 2209 iaeta-

211 2236 292 2283 tio.
322 2239 470 2300 ltaque
492 2253 602 2300 quae
620 2238 832 2300 petierant
853 2239 1122 2302 eupidiflime
1141 2238 1260 2296 loca,
1290 2236 1493 2299 cupidius

213 2308 447 2368 deserunt,
484 2324 526 2357 et
567 2311 717 2358 avium
757 2312 896 2359 modo
938 2299 1234 2367 trafflvolant‚
1259 2310 1492 2372 *citiusque

211 2398 344 2444 quam
367 2395 601 2442 venerant,
628 2383 801 2431 abeunt.
829 2383 1123 2447 Peregrinatio
1152 2382 1349 2431 notitiam
1371 2381 1489 2429 dabit

212 2455 436 2521 gentium,
458 2472 597 2509 novas
617 2456 697 2505 tibi
717 2457 936 2508 montium
961 2457 1127 2507 formas
1149 2456 1370 2516 ostendet,
1392 2454 1493 2503 inus*v
