1730 2870
299 111 586 179 NATUR.
635 130 954 190 QUAEST.
1002 129 1131 176 ΜΒ.
1166 128 1234 196 m.
1323 140 1425 191 229

143 239 240 288 itus.
291 241 417 287 Libet
454 239 562 286 mihi
601 238 846 286 exclamare
891 238 1012 284 illum
1054 236 1214 299 poetae
1254 233 1414 297 inclyti

142 313 316 360 versum
340 329 352 359 ε

207 417 408 461 Tollimus
433 417 613 477 ingentes
636 415 799 460 animos
814 447 828 470 ,
855 412 898 460 δ’
918 413 1111 461 maxima
1130 430 1268 474 parvo

209 489 401 548 Tempore
428 482 634 534 molt‘it'z'ur.

140 596 242 642 Hoc
278 595 499 655 dicerem,
533 596 564 642 fi
601 613 709 658 puer
742 594 969 647 iuvenisve
1001 593 1192 649 molirer.
1232 590 1414 639 Nullum

138 668 256 714 enim
280 684 372 714 non
406 682 495 715 tarn
525 670 692 732 magnis
724 668 850 715 rebus
881 680 1052 730 tempus
1091 665 1314 729 angustum
1342 665 1416 711 cst.

139 740 271 785 Nunc
291 755 398 786 vero
416 741 470 786 ad
490 757 581 786 rem
600 741 775 797 seriam,
793 755 969 802 gravem
987 774 1000 793 ,
1019 737 1298 794 immensam,
1318 736 1415 799 post

140 809 400 856 meridianas
422 810 552 856 horas
581 809 844 857 acceffimus.
876 810 1094 856 Faciamus
1122 809 1247 871 quod
1268 807 1314 854 in
1343 807 1418 852 iti-

139 897 242 928 nere
260 880 354 929 fieri
371 881 492 929 solet.
513 882 606 942 Qui
632 882 794 928 tardius
811 882 1030 938 exierunt,
1053 881 1288 929 velocitate
1307 897 1418 943 pen-

138 952 231 1000 sant
251 971 434 1000 moram.
454 954 716 1002 Festinemus
729 989 743 1010 ,
763 966 805 1001 et
826 971 937 1016 opus
956 954 1102 1001 nescio
1121 970 1177 1000 an
1196 953 1417 1016 superabi-
1486 1016 1488 1018 v

138 1026 179 1071 le
191 1057 205 1080 ‚
224 1043 430 1089 magnum
445 1038 560 1073 certe
572 1062 586 1084 ‚
604 1026 690 1073 fine
710 1027 857 1074 aetatis
874 1026 1154 1074 excusatione
1172 1027 1417 1073 traetemus.

139 1099 308 1146 Crescit
327 1100 496 1147 animus
511 1135 525 1158 ,
556 1101 734 1164 quoties
752 1100 898 1163 coepti
917 1099 1262 1164 magnitudinem
1277 1111 1414 1145 atten-

138 1173 228 1227 dit,
259 1186 304 1218 et
333 1172 523 1234 cogitat,
553 1187 762 1235 quantum
791 1174 1046 1236 proposito,
1083 1188 1173 1218 non
1205 1185 1416 1233 quantum

139 1245 216 1291 fibi
234 1245 425 1307 supersit.
442 1246 731 1292 Consumsere
751 1245 791 1290 se
811 1248 990 1306 quidam
1002 1279 1016 1302 ‚
1030 1245 1134 1290 dum
1155 1245 1244 1290 aeta
1261 1261 1416 1308 regum

136 1329 419 1361 externorum
443 1327 749 1377 componunt,
778 1331 974 1376 quaeque
994 1314 1097 1376 paffi
1120 1315 1311 1362 invicem
1336 1333 1414 1362 au.-

137 1387 255 1449 fique
273 1387 367 1433 sunt
387 1387 556 1449 populi.
580 1388 764 1447 Quanto
783 1387 911 1434 satius
931 1387 1016 1445 est,
1034 1387 1107 1434 sua
1127 1387 1237 1434 mala
1256 1387 1415 1434 exstin-

137 1475 269 1522 guere
285 1494 299 1516 ‚
321 1475 454 1522 quam
480 1459 616 1505 aliena
635 1458 816 1521 posteris
831 1459 1003 1506 tradere
1023 1460 1040 1506 ?
1065 1462 1249 1519 Quanto
1270 1461 1416 1522 potius

137 1530 323 1575 deorum
351 1546 486 1592 opera
506 1530 748 1588 celebrare,
769 1547 900 1593 quam
921 1530 1112 1594 Philippi
1132 1546 1204 1578 aut
1228 1531 1417 1578 Alexan-

139 1603 208 1649 dri
238 1603 464 1650 latrocinia
483 1639 498 1659 ‚
534 1616 870 1666 ceterorumque
891 1637 904 1660 ‚
936 1604 1012 1667 qui
1045 1604 1185 1650 exitio
1217 1603 1419 1668 gentium·

138 1675 275 1730 clari,
304 1691 395 1721 non
426 1675 620 1721 minores
644 1673 768 1723 fuere
803 1673 940 1737 pestes
969 1674 1218 1720 mortalium
1239 1710 1264 1733 ,f
1284 1691 1415 1737 quam

137 1748 394 1806 inundatio,
427 1765 511 1812 qua
541 1749 718 1811 planum
752 1764 885 1795 omne
918 1747 1137 1810 perfusum
1167 1747 1249 1803 est3
1282 1764 1415 1811 quam

139 1819 428 1883 conflagratio
445 1855 459 1876 ,
493 1836 580 1882 qua
599 1835 753 1882 magna
779 1835 875 1881 pars
901 1819 1183 1865 animantium
1209 1818 1414 1865 exaruit?

138 1891 532 1952 Quemadmodum
565 1891 781 1937 Hannibal
814 1892 1081 1955 superaverit
1110 1893 1272 1954 Alpes,
1306 1891 1414 1938 scri-

138 1965 247 2012 bunt
271 1983 282 2011 :
309 1963 687 2028 quemadmodum
721 1962 1030 2011 confirmatum
1060 1964 1291 2027 Hispaniae
1321 1965 1414 2011 cla.-

140 2037 266 2084 dibus
292 2037 451 2083 bellum
482 2035 623 2082 haliae
653 2036 904 2099 inopinatus
937 2036 1160 2085 intulerit:
1190 2036 1414 2099 fraffisque

137 2109 266 2156 rebus
283 2108 412 2155 etiam
431 2107 527 2171 post
543 2109 846 2172 Carthaginem
868 2109 1066 2172 pertinax
1081 2147 1094 2169 ,
1121 2128 1245 2175 reges
1265 2128 1422 2174 perer·

140 2181 334 2238 raverit,
373 2195 527 2229 contra
562 2184 791 2228 Romanos
829 2182 985 2229 ducem
1030 2183 1072 2229 se
1117 2184 1378 2246 promittens
1398 2219 1414 2241 ‚

140 2254 269 2300 etiam
297 2253 384 2300 fine
402 2254 608 2302 exercitu.
638 2255 1022 2317 quemadmodum·
1042 2264 1133 2302 non
1152 2257 1321 2304 desierit
1347 2257 1414 2304 se·-

141 2343 225 2371 nex
252 2326 457 2373 omnibus
476 2327 638 2389 angulis
660 2326 818 2374 bellum
840 2344 1062 2391 quaerere.
1092 2329 1204 2375 adeo
1227 2329 1313 2376 fine
1334 2347 1414 2391 pa-

138 2399 217 2445 tria
235 2399 318 2446 effe
335 2401 423 2464 pati
441 2413 639 2464 poterat,
662 2400 748 2449 fine
767 2401 891 2450 hoste
912 2418 1002 2449 non
1020 2412 1204 2465 poterat.
1232 2404 1420 2464 Quanto.

529 2486 535 2490 .
1062 2475 1093 2518 P
1130 2489 1154 2535 3
