1730 2870
971 2 992 13 v

291 136 381 185 2272
528 123 577 170 L.
626 122 922 169 ANNAEI
972 124 1326 174 SENECAE

286 249 375 280 cus.
405 228 468 278 lbi
505 247 584 294 per
607 230 761 277 arduas
791 229 1036 295 excisasque
1065 234 1273 296 pluribus.
1292 234 1402 284 locis
1435 251 1567 300 rupes

285 306 410 354 Nilus
428 303 633 366 insurgit,
652 315 694 349 et
714 304 828 350 vires
857 303 947 350 suas
977 306 1181 353 concitat.
1204 309 1432 372 Frangitur
1447 310 1566 358 enim

283 377 618 428 occurrentibus
632 376 740 424 saxis
752 410 766 433 ‚
788 389 830 425 et
846 394 923 440 per
941 379 1115 441 angusta
1130 381 1334 431 elussatm
1348 417 1362 439 ,
1381 383 1566 430 ubicunw

283 469 369 516 que
400 450 559 506 vincit,
594 463 667 497 aut
693 450 916 505 vincitur,
947 449 1156 499 flueluat:
1188 467 1231 501 et
1249 455 1336 502 illic
1367 456 1565 504 excitatis

282 525 476 587 primum
497 521 623 585 aquis
644 539 750 585 quas
780 522 868 570 fine
889 524 1079 570 tumultu
1099 525 1183 571 leni
1209 526 1338 575 alveo
1365 529 1562 586 duxerat,

279 597 528 654 violentus,
558 611 601 643 et
626 606 795 642 torrens
814 610 892 658 per
909 597 1128 658 malignos
1148 598 1341 647 transitus
1363 601 1560 663 prosilit,

278 667 488 715 diffimilis
507 667 596 714 fibi.
616 667 800 730 Quippe
822 668 875 714 ad
905 669 950 715 id
979 669 1141 716 lutosus
1171 683 1214 716 et
1233 673 1429 720 turbidus
1450 674 1558 722 fluit.

277 747 336 788 At
363 741 438 788 ubi
465 740 669 804 scopulos
700 740 976 800 verberavit,
1005 741 1206 805 spumat:
1228 756 1270 790 et
1298 745 1358 791 illi
1386 762 1476 792 non
1504 765 1560 795 ex

275 829 431 863 natura
457 816 553 871 sua,
581 815 654 862 sed
673 832 728 861 ex
747 815 906 862 iniuria
923 815 1010 863 loci
1031 816 1156 863 color
1174 817 1248 863 est.
1270 819 1558 884 Tandemque

273 891 479 939 elufflatus
502 890 739 947 obstantia,
767 890 813 936 in
840 889 1004 956 vastam
1024 889 1294 937 altitudinem
1314 892 1457 940 subito
1477 895 1555 941 dea

273 965 441 1012 stitutus
475 965 590 1011 cadit
609 1000 622 1022 ,
653 976 753 1011 cum
787 963 952 1026 ingenti
973 963 1378 1011 circumiacentium
1408 967 1558 1029 regio-

272 1034 379 1086 num
406 1039 597 1102 strepitu.
618 1040 764 1099 Quem
796 1035 989 1100 perferre
1015 1053 1119 1100 gens
1142 1037 1202 1084 ibi
1223 1057 1245 1085 a
1262 1040 1395 1086 Persis
1414 1041 1555 1088 collo*

273 1127 367 1162 eata
393 1130 484 1159 non
513 1112 683 1174 potuit,
707 1110 872 1158 obtusis
893 1109 1058 1158 affiduo
1087 1109 1260 1175 fragore
1279 1113 1477 1170 auribus,
1511 1129 1555 1162 et

271 1187 333 1233 ob
351 1187 439 1233 hoc
456 1185 627 1232 sedibus
652 1185 705 1231 ad
723 1183 939 1248 quietiora
958 1184 1182 1232 transsatis.
1211 1187 1326 1232 Inter
1346 1186 1553 1236 miracula

269 1257 463 1305 fluminis
494 1256 794 1304 incredibilem
836 1255 1080 1303 incolarum
1122 1257 1342 1305 audaciam
1389 1260 1552 1322 accepi.

268 1332 363 1379 Bini
385 1330 565 1395 parvula
588 1329 760 1393 navigia
779 1330 1105 1387 conscendunt,
1132 1348 1322 1395 quorum
1349 1332 1454 1379 alter
1474 1351 1551 1380 na-

268 1421 372 1454 vem
395 1404 529 1468 regit,
560 1405 664 1449 alter
692 1402 899 1449 exhaurit.
935 1402 1112 1450 Deinde
1142 1404 1324 1450 multum
1346 1404 1458 1452 inter
1480 1423 1549 1452 ra-=

265 1482 412 1546 pidam
433 1479 639 1525 insaniam
662 1478 777 1534 Nili,
812 1489 854 1523 et
883 1477 1137 1539 reciprocos
1155 1477 1309 1525 flufihis
1327 1479 1512 1525 volutati
1532 1514 1548 1536 ‚

264 1556 440 1602 tandem
459 1551 730 1600 tenuiffimos
748 1549 914 1596 canales
941 1565 1114 1606 tenent,
1137 1568 1215 1613 per
1234 1568 1347 1615 quos
1368 1553 1545 1614 angusta

264 1626 444 1689 rupium
473 1621 689 1688 effugiunt
709 1638 720 1668 τ
738 1632 899 1668 etcum
921 1632 1018 1668 toto
1040 1621 1222 1670 flumine
1242 1622 1365 1669 effusi
1383 1657 1398 1680 ‚
1420 1624 1544 1671 navia

266 1700 387 1763 gium
410 1713 537 1744 ruens
557 1713 690 1744 manu
708 1707 979 1758 temperant,
998 1711 1244 1760 magnoque
1264 1696 1544 1759 spestantium

264 1783 385 1819 metu
408 1771 455 1819 in
483 1782 613 1833 caput
634 1769 752 1826 nixi,
776 1785 878 1816 cum
895 1769 980 1816 iam
999 1769 1323 1832 adploraveris‚
1362 1771 1544 1818 mersos-

265 1862 351 1909 que
383 1843 726 1908 atque'obrutos
754 1856 872 1890 tanta
903 1841 1022 1889 mole
1050 1842 1459 1907 c1*edideri5‚longe
1489 1843 1544 1890 ab

264 1934 320 1963 eo
339 1949 352 1973 ‚
386 1917 430 1963 in
456 1932 588 1980 quem
622 1915 906 1971 ceciderant,
937 1916 1041 1962 loco
1074 1913 1305 1977 navigant,
1334 1913 1545 1960 tormenti

242 1989 404 2045 ‚modo
433 1985 557 2034 miffi.
590 1989 686 2035 Nec
725 1988 884 2052 mergit
918 1988 1073 2035 cadens
1110 1988 1257 2046 unda,
1302 1986 1372 2033 sed
1406 1987 1542 2050 planis

261 2065 386 2130 aquis
399 2065 541 2111 tradit.
563 2063 755 2111 Primum
780 2065 1098 2112 incrementum
1117 2062 1207 2110 Nili
1227 2063 1338 2110 circa
1359 2062 1540 2109 insulam

263 2156 396 2201 quam
416 2138 556 2185 modo
574 2137 726 2193 retuli,
754 2138 915 2197 Philas,
944 2137 1150 2185 noscitur,
1183 2136 1356 2200 Exiguo
1384 2136 1437 2182 ab
1458 2137 1539 2184 hac

259 2211 400 2274 spatio
418 2221 539 2273 petra
557 2209 792 2267 dividitur,
819 2221 965 2266 &Emer
987 2210 1143 2257 Graeci
1170 2224 1332 2258 vocant
1352 2225 1363 2255 t
1384 2225 1464 2256 nec
1483 2208 1536 2254 il—

262 2283 347 2328 lam
377 2283 480 2340 ulli,
515 2282 592 2328 nifi
622 2283 830 2330 antistites
867 2284 1035 2330 calcant
1063 2301 1075 2330 :
1111 2283 1179 2329 illa
1214 2281 1405 2346 primum
1439 2280 1536 2328 saxa

262 2357 436 2403 audium
462 2356 653 2404 fluminis
670 2357 867 2404 sentiunt.
900 2357 999 2404 Post
1019 2373 1223 2422 magnum
1252 2355 1409 2403 deinde
1438 2354 1536 2416 spa-2

262 2429 371 2477 tium
392 2430 484 2476 duo
500 2429 694 2478 eminent
719 2429 914 2495 scopuli;
941 2430 1032 2479 Nili
1062 2447 1195 2481 venas
1223 2441 1384 2478 vocant
1405 2428 1536 2476 inco⁴
