1730 2870
365 134 627 181 NATUR.
681 134 986 208 QUAEST.
1036 134 1218 180 L113.1.
1348 154 1434 201 ¹57

161 258 338 305 quoque
368 241 559 288 vidimus
587 257 675 286 non
707 240 833 286 semel
860 240 1083 287 flammam
1110 241 1296 304 ingentis
1330 244 1442 306 pilae

157 313 324 373 specie,
358 328 471 374 quae
504 325 648 358 tamen
678 312 720 357 in
756 311 850 374 ipso
884 313 1008 358 cursu
1042 313 1118 359 suo
1147 314 1340 375 diffipata
1364 315 1440 362 est.

157 386 358 431 Vidimus
384 384 497 431 circa
527 383 620 431 divi
657 385 837 447 Augusti
866 385 1086 432 excessum
1121 386 1258 433 fimile
1287 389 1438 450 prodi-

157 459 307 523 gium:
336 458 530 505 vidimus
553 475 650 505 cum
678 460 731 505 de
761 460 917 506 Seiano
948 461 1091 506 aEtum
1110 461 1196 507 est:
1224 478 1305 508 nec
1324 464 1439 509 Ger-

161 530 318 578 man‘ici
351 547 472 578 mors
501 531 587 578 fine
618 532 948 579 denuntiatione
967 534 1049 579 -tali
1072 533 1165 579 fuit.
1198 535 1334 581 Dices
1353 536 1438 581 mi·-

158 603 202 650 hi
220 621 229 649 :
251 605 367 665 Ergo
387 618 432 650 tu
456 605 500 649 in
520 604 644 650 tantis
672 604 896 650 erroribus
914 621 958 650 es
975 636 990 659 ‚
1009 617 1054 650 ut
1074 605 1290 652 existimes
1309 606 1436 653 Deos

159 676 369 722 mortium
389 675 502 738 signa
532 676 833 738 praemittere,
862 690 905 722 et
924 678 1162 740 quidquam
1180 677 1263 725 effe
1281 678 1323 723 in
1350 695 1438 725 ter-

156 747 213 795 ris
241 763 326 794 tam
353 765 556 811 magnum
575 783 588 802 ,
634 748 755 811 quod
783 748 925 810 perire
958 751 1145 796 mundus
1172 750 1311 797 sciat?
1346 751 1439 797 Erit

156 821 271 867 aliud
289 819 357 866 isti
380 822 443 867 rei
469 833 653 883 tempus.
689 819 975 878 Videbimus,
1003 838 1055 866 an
1074 832 1217 867 certus
1238 821 1439 867 omnium

157 910 300 939 rerum
321 894 435 940 ordo
466 895 674 950 ducatur,
697 904 739 938 et
773 891 851 937 alia
873 892 962 939 aliis
982 893 1041 939 ita
1070 894 1302 956 complexa
1326 893 1407 939 fint
1424 928 1439 951 ,

157 981 204 1011 ut
243 967 364 1028 quod
411 967 626 1012 antecedit
647 1000 660 1022 ,
691 976 763 1011 aut
800 966 923 1012 causa
954 959 1299 1029 fissequentium
1321 1001 1334 1020 ,
1364 978 1440 1012 aut

157 1037 335 1099 fignum.
365 1038 650 1092 Videbimus,
673 1055 726 1083 an
755 1038 837 1084 diis
866 1039 1052 1084 humana
1081 1040 1160 1084 sint
1193 1056 1350 1096 curae3
1384 1055 1439 1085 an

154 1108 281 1154 series
302 1109 416 1170 ipsa,
443 1110 549 1172 quid
584 1108 748 1161 faclura
768 1108 844 1166 fit,
872 1112 998 1156 certis
1018 1128 1164 1156 rerum
1185 1111 1301 1158 notis
1325 1128 1439 1157 nun-

159 1181 244 1226 tiet.
278 1181 456 1226 Interim
487 1182 591 1227 illud
628 1181 856 1239 existimo,
895 1183 1142 1229 huiusmodi
1181 1183 1301 1246 ignes
1330 1183 1438 1230 exsi-

158 1251 292 1310 stere,
327 1254 424 1300 a'e're
456 1255 757 1300 vehementius
785 1255 919 1312 trito,
953 1272 1050 1301 cum
1087 1255 1315 1302 inclinatio
1349 1256 1441 1303 eius

154 1326 199 1373 in
221 1327 396 1373 alteram
426 1340 587 1388 partem
618 1326 727 1372 faeta
757 1327 844 1382 est,
872 1340 914 1373 et
942 1344 1034 1373 non
1062 1328 1205 1386 ceffit,
1238 1328 1310 1375 sed
1327 1329 1440 1376 intra

155 1399 196 1446 se
219 1400 440 1462 pugnavit.
476 1402 539 1445 Ex
566 1400 645 1445 hac
676 1399 909 1445 vexatione
941 1399 1170 1446 nascuntur
1198 1400 1362 1458 trabes,
1396 1416 1440 1447 et

155 1474 300 1536 globi,
341 1487 382 1519 et
410 1473 549 1530 faces,
586 1484 629 1519 et
658 1474 846 1519 ardores.
877 1475 937 1519 At
958 1490 1058 1519 cum
1077 1474 1217 1521 levius
1240 1473 1440 1532 collisus,

155 1559 197 1589 et
222 1544 291 1607 (ut
319 1545 374 1590 ita
397 1542 564 1606 dicam)
597 1543 764 1589 strictus
794 1543 876 1601 est,
909 1544 1079 1590 minora
1110 1545 1272 1591 lumina
1300 1563 1437 1593 excu-

154 1617 350 1672 tiuntur,
402 1620 656 1679 crinemque
692 1615 884 1662 volantia
918 1615 1054 1663 sidera
1092 1617 1265 1665 ducunt.
1307 1620 1437 1667 Tunc

156 1688 275 1750 ignes
307 1690 539 1736 tenuiffimi
574 1689 655 1736 iter·
679 1688 789 1737 exile
821 1688 1066 1751 defignant,
1100 1702 1142 1736 et
1169 1691 1300 1737 coelo
1325 1707 1438 1754 pro-

155 1764 337 1811 ducunt.
370 1765 475 1809 Ideo
510 1764 624 1809 nulla
659 1763 746 1810 fine
774 1761 1027 1810 huiusmodi
1061 1763 1311 1825 spectaculis
1344 1781 1448 1812 nox-

155 1839 225 1885 est.
252 1856 342 1884 non
362 1837 478 1884 enim
511 1854 624 1900 opus
653 1837 713 1884 est
742 1838 795 1883 ad
827 1836 1056 1885 efficienda
1075 1836 1151 1883 ista
1184 1855 1343 1902 magno
1363 1841 1437 1886 ae-

155 1914 211 1958 ris
243 1927 374 1957 motu.
406 1910 616 1973 Denique
633 1945 646 1968 ,
678 1923 727 1956 ut
753 1910 950 1956 breviter
978 1909 1119 1958 dicam
1140 1940 1155 1967 ‚
1189 1912 1339 1959 eadem
1363 1924 1444 1959 ira-'

156 1986 274 2030 nune
291 1984 399 2030 fiunt
425 1983 500 2029 ista
515 2019 526 2038 ‚
555 1999 640 2046 qua
659 1982 842 2028 fulmina
860 2017 873 2040 ,
893 1982 964 2028 sed
995 1983 1040 2028 vi
1059 1984 1245 2030 minore.
1265 1986 1439 2046 Quem-

157 2058 393 2103 admodum
428 2057 563 2103 nubes
594 2056 879 2102 mediocriter
899 2055 1098 2116 collisae,
1123 2056 1443 2120 fulgurationes

154 2131 372 2185 efficiun13
404 2129 570 2175 maiore
591 2128 758 2190 impetu
781 2128 953 2191 pulsae,
981 2128 1183 2176 fulmina.
1226 2130 1442 2179 Aristote-

158 2207 217 2251 les
244 2206 459 2251 eiusmodi
480 2206 692 2251 rationem
722 2205 892 2252 reddit:
923 2204 1055 2251 Varia
1079 2216 1122 2252 et
1148 2206 1284 2252 multa
1301 2219 1440 2254 terra-

158 2297 255 2325 rum
302 2279 420 2325 orbis
464 2279 679 2341 exspirat,
717 2279 928 2341 quaedam
975 2279 1187 2334 humida,
1222 2282 1439 2343 quaedam

158 2352 266 2398 ficca
281 2388 294 2406 ‚
313 2353 525 2414 quaedam
547 2351 760 2415 algentia,
778 2353 988 2414 quaedam
1012 2352 1311 2415 concipiendis
1330 2354 1442 2417 igni-

156 2426 235 2473 bus
268 2425 441 2475 idonea.
478 2427 572 2489 Nec
602 2425 761 2472 mirum
790 2424 878 2487 est,
910 2425 942 2472 fi
971 2438 1111 2474 terrae
1138 2428 1284 2475 omnis
1310 2443 1444 2493 gene-2
