1730 2870
349 144 609 193 NATUR.
662 143 958 202 QUAEST.
1006 142 1121 188 ΜΒ.
1170 143 1249 190 ιν.
1352 160 1438 209 275

160 271 277 302 anno
306 266 348 301 et
365 252 634 308 undecimo,
665 249 844 297 constat.
874 247 1164 312 Significatam
1187 249 1305 296 aiunt
1331 250 1442 296 duo-

162 329 240 374 bus
270 341 415 373 rerum
453 322 725 386 potientibus
763 322 1075 369 defectionem.
1108 322 1289 370 Antonii
1325 322 1445 369 enim

161 400 508 460 Cleopatraeque
538 393 701 442 defecit
726 394 977 457 imperium.
1001 396 1082 440 Per
1111 411 1276 443 novem
1307 411 1446 442 annos

161 488 256 519 non
272 468 502 517 ascendifl'e
531 469 684 515 Nilum
711 466 1005 531 superioribus
1024 466 1201 523 seculis,
1234 468 1445 515 Callima-

161 545 269 591 chus
306 543 366 589 est
395 544 559 590 auctor.
591 542 673 588 Sed
705 556 821 587 nunc
855 541 908 586 ad
946 539 1232 602 inspiciendas
1267 541 1412 589 causas
1431 577 1447 600 ‚

161 627 346 680 propter
372 633 478 678 quas
512 613 668 661 aestate
697 610 822 659 Nilus
844 611 1028 671 crescat,
1059 613 1290 672 accedam,
1320 629 1364 661 et
1392 615 1448 662 ab

162 689 468 753 antiquissimis
495 688 719 751 incipiam.
750 689 1027 750 Anaxagoras
1058 687 1145 745 ait,
1171 705 1227 734 ex
1259 689 1447 737 Aethio-

162 763 260 826 piae
279 763 388 826 iugis
407 762 564 808 solutas
583 760 706 808 nives
723 760 777 805 ad
801 759 948 805 Nilum
967 760 1102 822 usque
1126 760 1372 808 decurrere.
1396 764 1446 809 In

162 836 316 882 eadem
349 834 562 898 opinione
596 831 741 879 omnis
771 830 958 878 vetustas
989 831 1086 878 fuit.
1114 832 1218 878 Hoc
1250 835 1446 899 Aeschy-

162 908 255 963 lus,
280 907 543 970 Sophocles,
564 905 819 968 Euripide5‚
842 905 1031 952 tradunt.
1060 906 1144 951 Sed
1161 905 1312 953 falsum
1333 908 1446 967 effe,

162 979 430 1044 argumentis
447 978 640 1041 plurimis
660 991 789 1040 patet.
809 978 957 1024 Primo
970 978 1248 1041 Aethiopiam
1266 978 1447 1029 ferven-

163 1053 368 1099 tiffimam
399 1052 508 1108 ess‘e,
539 1052 702 1099 indicat
740 1052 974 1098 hominum
1008 1052 1179 1099 adustus
1211 1054 1366 1112 color,
1402 1068 1447 1103 et

164 1127 474 1190 Troglodytae
489 1162 502 1183 ‚
535 1125 693 1189 quibus
709 1125 1010 1172 subterraneae
1028 1126 1186 1173 domus
1201 1127 1306 1174 sunt.
1337 1130 1446 1177 Saxa

164 1200 285 1246 velut
301 1199 392 1263 igni
415 1199 689 1255 fervescunt,
719 1216 810 1245 non
837 1211 1005 1246 tantum
1028 1199 1178 1245 medio
1193 1235 1207 1255 ‚
1228 1201 1299 1246 sed
1322 1202 1448 1249 incli-

165 1288 270 1319 nato
289 1290 469 1337 quoque
488 1274 558 1320 die
579 1290 589 1318 :
612 1273 766 1320 ardens
789 1274 934 1335 pulvis
948 1309 960 1328 ‚
981 1291 1060 1321 nec
1077 1274 1255 1320 humani
1275 1275 1447 1340 vestigii

164 1346 358 1409 patiens:
376 1359 601 1410 argentum
620 1346 919 1408 replumbarur
935 1364 945 1392 :
963 1346 1187 1410 signorum
1211 1365 1448 1412 coagmen-

166 1435 209 1468 ta
230 1420 485 1467 solvuntur:
508 1420 670 1465 nullum
692 1419 896 1466 materiae
919 1420 1283 1482 superadornatae
1302 1437 1450 1472 manet

168 1493 506 1556 operimentum.
536 1492 688 1539 Auster
705 1509 910 1555 quoque,
940 1493 1015 1555 qui
1033 1509 1086 1538 ex
1116 1493 1192 1539 illo
1212 1495 1347 1541 tractu
1367 1512 1450 1542 ve·

169 1568 257 1626 nit,
280 1579 521 1614 ventorum
539 1564 818 1612 calidiffimus
835 1564 909 1610 est.
924 1565 1104 1611 Nullum
1125 1583 1177 1613 ex
1196 1565 1261 1613 his
1279 1568 1449 1615 anima-

169 1641 281 1687 libus
300 1656 410 1702 quae
436 1641 567 1686 latent
585 1639 764 1696 bruma,
793 1654 986 1699 unquam
1011 1639 1276 1685 reconditur.
1307 1641 1450 1690 Etiam

169 1729 249 1777 per
270 1712 461 1759 hiemem
482 1711 526 1758 in
545 1713 717 1758 summo
736 1722 779 1757 et
795 1722 947 1774 aperto
965 1709 1139 1773 serpens
1158 1712 1232 1760 est.
1260 1714 1451 1762 Alexan-

169 1786 289 1833 driae
309 1801 510 1849 quoque,
542 1802 655 1848 quae
674 1785 807 1849 longe
835 1785 891 1832 ab
920 1785 1171 1834 huiusmodi
1198 1787 1453 1837 immodicis

169 1860 390 1909 caloribus
415 1859 476 1906 est
510 1859 676 1922 polita,
705 1860 830 1907 nives
866 1875 956 1906 non
992 1858 1152 1908 cadunt
1179 1878 1190 1907 ε
1227 1861 1453 1924 superiora

173 1934 302 1980 etiam
323 1932 474 1996 pluvia
494 1944 653 1980 carent.
675 1933 1065 1993 Quemadmodum
1084 1950 1190 1996 ergo
1211 1935 1334 1998 regio
1355 1948 1452 1982 tan-

174 2005 229 2052 tis
257 2005 443 2053 subiecta
462 2004 712 2052 fervoribus
733 2006 953 2052 duraturas
978 2023 1057 2069 per
1081 2019 1219 2053 totam
1249 2006 1453 2054 aestatem

175 2077 298 2122 nives
319 2075 508 2138 recipit?
538 2078 659 2138 Quas
687 2078 784 2124 sane
814 2077 946 2140 aliqui
969 2090 1141 2125 montes
1169 2078 1256 2126 illic
1273 2093 1455 2143 quoque

175 2148 393 2210 excipiant
411 2164 661 2212 :nunquam
679 2161 821 2196 tamen
842 2149 979 2212 magis
997 2167 1127 2212 quam
1147 2151 1276 2213 Alpes
1290 2186 1303 2209 ‚
1321 2170 1455 2214 quam

176 2221 387 2268 Thraciae
407 2219 505 2284 iuga
535 2235 608 2268 aut
638 2223 863 2270 Caucasus.
887 2224 1026 2287 Atqui
1050 2224 1209 2270 horum
1231 2226 1456 2274 montium

176 2294 359 2342 flumina
383 2311 491 2342 vere
522 2311 566 2343 et
589 2296 730 2359 prima
762 2297 917 2345 aestate
949 2298 1268 2357 intumescunt,
1297 2301 1458 2348 deinde

174 2368 367 2416 hibernis
394 2368 568 2415 minora
588 2368 697 2416 sunt.
711 2371 888 2433 Quippe
912 2371 1059 2417 vernis
1078 2373 1350 2434 temporibus
1368 2375 1457 2420 im-

177 2441 275 2492 bres
294 2442 445 2492 nivem
471 2442 665 2503 diluunt:
686 2444 885 2508 reliquias
909 2444 1001 2492 eius
1020 2444 1186 2507 primus
1203 2446 1322 2495 calor
1339 2445 1457 2494 diffi-

1104 2518 1131 2564 S
1168 2536 1192 2565 2.
