1730 2870
488 159 1072 208 EPISTOLAE.
1359 182 1422 229 47

146 266 179 314 fi
209 267 325 314 bona
358 275 430 312 tua
463 280 555 310 non
587 263 848 320 iactaveris,
883 265 913 311 fi
943 266 1087 314 scieris
1118 265 1167 312 'in
1197 266 1287 314 finu
1321 286 1430 332 gau-

148 341 265 386 dere.
295 337 471 383 Odium*
496 347 638 382 autem
659 353 714 381 ex
742 336 906 383 offensa
924 338 982 386 fic
999 339 1180 398 vitabis,
1207 342 1428 390 neminem

147 410 392 458 lacessendo
419 409 639 473 gratuito:
669 426 692 454 a
717 422 871 472 quote
894 411 1034 459 sensus
1064 414 1312 461 communis
1328 430 1431 464 tue-

147 482 275 528 bitur.
306 480 392 527 fuit
424 480 541 525 enim
575 479 665 525 hoc
701 481 846 527 multis
877 481 1185 543 periculosum.
1233 484 1430 544 Quidam

149 554 302 601 odium
337 552 609 608 habuerunt,
639 567 718 598 nec
740 552 982 600 inimicum.
1026 554 1164 613 Illud,
1195 572 1250 602 ne
1277 555 1431 604 timea-

150 627 207 673 ris
222 662 235 684 ,
274 624 503 688 praestabit
527 625 603 671 tibi
625 637 667 671 et
690 624 894 672 fortunae
919 626 1223 686 mediocritas,
1248 641 1291 676 et
1314 630 1435 694 inge·-

152 700 213 746 nii
244 699 425 745 lenitas:
448 715 550 745 cum
573 712 617 746 te
649 697 734 744 effe
764 698 966 745 homines
992 697 1157 758 scient,
1187 718 1321 762 quem
1355 703 1434 750 of-

151 771 329 817 fendere
370 772 457 818 fine
487 770 686 834 periculo
718 770 889 833 poffint.
931 772 1252 820 Reconciliatio
1283 786 1357 821 tua
1390 791 1437 825 et

153 841 292 888 facilis
321 841 391 899 fit,
416 854 459 887 et
486 855 614 888 certa.
653 841 824 888 Timeri
852 853 996 892 autem
1022 858 1112 890 tam
1135 844 1259 891 domi
1291 848 1435 894 mole-

154 913 269 960 stum
294 913 377 971 est,
408 929 540 977 quam
567 912 706 959 foris:
731 925 819 960 tam
848 930 872 960 a
901 914 1059 972 servis,
1084 932 1216 979 quam
1233 934 1257 964 a
1273 919 1437 967 liberis.

155 986 278 1033 Nulli
318 1003 410 1033 non
442 986 496 1031 ad
534 984 787 1032 nocendum
820 984 915 1033 satis
950 987 1114 1035 virium
1150 988 1233 1036 est.
1280 992 1436 1041 Adiice

157 1075 302 1115 nunc,
330 1057 482 1121 quod,
509 1056 586 1119 qui
608 1056 816 1116 timetur,
844 1058 985 1106 timet.
1022 1075 1156 1106 nemo
1181 1063 1324 1123 potuit
1345 1076 1438 1111 ter-

157 1131 297 1176 ribilis
328 1129 412 1176 effe
453 1129 612 1176 secure.
646 1130 910 1178 Contemtus
934 1130 1122 1192 superest
1154 1149 1165 1178 :
1196 1133 1316 1181 cuius
1341 1153 1442 1182 mo-

160 1205 267 1252 dum
293 1204 339 1250 in
359 1202 431 1249 sua
452 1199 667 1265 potestate
688 1199 848 1261 habet',
872 1203 948 1267 qui
969 1203 1088 1249 illum
1114 1202 1190 1250 fibi
1213 1204 1440 1255 adiunxit:

160 1277 237 1340 qui
258 1273 579 1331 contemnitur,
605 1274 706 1337 quia
729 1275 903 1332 voluit,
922 1290 1012 1320 non
1035 1274 1136 1338 quia
1161 1275 1326 1339 debuit.
1353 1280 1443 1326 Hu-

160 1349 228 1396 ius
253 1347 589 1395 incommodum
613 1359 657 1393 et
678 1360 788 1394 artes
808 1347 950 1393 bonae
978 1347 1234 1408 discutiunt,
1265 1363 1308 1397 et
1327 1353 1441 1400 ami-

161 1421 289 1469 citiae
314 1436 468 1467 eorum
486 1454 499 1477 ,
530 1418 606 1481 qui
633 1419 748 1482 apud
773 1419 962 1482 aliquem
989 1431 1213 1482 potentem
1241 1439 1445 1485 potentes

164 1495 274 1542 sunt.
300 1495 459 1557 quibus
490 1491 700 1555 applicari
728 1492 952 1555 expediet,
980 1510 1071 1540 non
1102 1494 1318 1557 implicari
1349 1516 1362 1545 :
1389 1516 1446 1547 ne

164 1566 300 1630 pluris
318 1564 578 1616 remedium,
604 1578 733 1625 quam
755 1564 1000 1626 periculum
1022 1565 1203 1614 constet.
1235 1569 1357 1616 Nihil
1378 1587 1446 1618 ta-

166 1655 270 1685 men
292 1654 429 1699 aeque
454 1634 679 1699 proderit,
701 1651 830 1697 quam
858 1636 1104 1699 quiescere,
1137 1653 1181 1687 et
1212 1641 1445 1692 minimum

168 1727 272 1758 cum
296 1710 388 1757 aliis
410 1709 536 1772 loqui
552 1744 566 1767 ,
589 1707 825 1770 plurimum
849 1708 1008 1757 secum.
1025 1711 1097 1758 Est
1112 1713 1326 1775 quaedam
1353 1717 1450 1763 dul-

169 1784 283 1831 cedo
312 1782 549 1838 sermonis,
582 1797 692 1844 quae
722 1782 904 1845 irrepit,
939 1798 982 1830 et
1009 1785 1251 1845 blanditur,
1284 1800 1327 1836 et
1357 1807 1451 1838 non

170 1854 292 1901 aliter
318 1870 447 1917 quam
476 1853 660 1901 ebrietas
679 1865 749 1899 aut
773 1870 899 1901 amor
924 1854 1084 1903 secreta
1109 1858 1330 1921 producit.
1359 1863 1450 1909 Ne-

171 1946 252 1977 mo
278 1928 401 1993 quod
427 1927 641 1985 audierit,
669 1928 831 1974 tacebit
860 1946 871 1975 :
900 1945 1033 1976 nemo
1059 1943 1270 1995 quantum
1297 1934 1451 1982 audie-

172 2002 256 2057 rit,
287 2002 506 2063 loquetur.
561 1999 654 2059 Qui
680 2017 771 2047 rem
803 1997 894 2048 nisu
920 2004 1106 2051 tacuerit
1124 2039 1139 2062 ,
1169 2022 1260 2052 non
1291 2009 1453 2056 tacebit

174 2074 412 2119 auftorem.
460 2071 604 2117 Habet
634 2072 929 2137 unusquisque
958 2074 1145 2138 aliquem
1182 2078 1253 2124 cui
1284 2091 1453 2128 tantum

175 2145 343 2202 credit,
367 2156 579 2207 quantum
608 2144 686 2208 ipsi
712 2146 926 2194 creditum
959 2146 1051 2196 est:
1080 2161 1130 2196 ut
1158 2152 1452 2213 garrulitatem

177 2218 297 2264 suam
324 2215 562 2271 custodiat,
588 2229 633 2264 et
652 2229 881 2266 contentus
909 2219 957 2267 fit
984 2220 1109 2268 unius
1129 2223 1331 2283 auribus,
1367 2242 1452 2288 po-

180 2291 332 2354 pulum
359 2287 499 2336 faciet.
521 2289 591 2337 Sic
618 2292 742 2354 quod
766 2293 906 2339 modo
924 2292 1133 2340 secretum
1155 2309 1272 2354 erat,
1300 2314 1456 2362 rumor

181 2365 256 2412 est.
284 2363 530 2412 Securitatis
548 2381 703 2428 magna
721 2367 872 2429 portio
890 2366 952 2413 est
965 2401 979 2425 ‚
1009 2361 1271 2433 nihil'intqui
1293 2370 1458 2422 facere.

181 2435 426 2486 Confusam
452 2436 588 2501 vitam
608 2447 652 2487 et
677 2438 971 2502 perturbatam
1000 2438 1268 2504 impotentes
1288 2457 1456 2509 agunt:
