1730 2870
387 144 649 193 NATUR.
700 140 1002 204 QUAEST.
1049 141 1170 187 ΜΒ.
1204 140 1271 185 111,
1375 155 1461 199 ψ

191 254 253 301 01)
272 253 358 301 hoc
377 250 673 316 ponderosae;
703 263 747 296 et
774 249 902 313 ipsius
927 248 1086 296 insulae
1117 246 1297 295 materia
1318 248 1468 294 vedia«

193 326 315 380 bilis,
344 340 453 386 quae
477 340 568 371 non
593 323 652 370 est
673 322 874 385 corporis
891 322 1043 379 solidi,
1074 320 1275 385 quamvis
1292 320 1471 367 arbores

191 398 287 445 alat.
308 395 500 442 Fortasse
521 396 636 442 enim
662 395 782 442 leves
801 406 981 441 truncos
996 429 1009 451 ,
1027 393 1292 452 frondesque
1312 390 1356 436 in
1372 391 1470 438 lacu

191 469 372 532 sparsas,
401 468 572 531 pinguis
598 469 760 514 humor
779 465 1094 529 apprehendit,
1125 481 1175 512 ac
1197 464 1355 513 vinxit.
1385 467 1470 510 lta-

191 558 276 604 que
299 541 462 588 etiamfi
489 545 571 605 q'ua
595 542 641 588 in
666 541 736 588 illa
761 540 857 587 saxa
894 538 1019 598 sunt,
1040 539 1238 586 invenies
1266 538 1386 584 exesa
1415 554 1472 584 ex

191 613 379 661 fistulosa
399 631 411 660 t
431 615 574 677 qualia
591 613 687 660 sunt
709 631 819 677 quae
834 614 1012 660 duratus
1032 612 1193 658 humor
1213 611 1370 667 efficit,
1390 611 1475 657 uti-

190 704 278 749 que
296 685 410 734 circa
427 686 746 733 medicatorum
768 685 958 731 sontium
981 684 1129 732 rivos:
1150 699 1260 747 quae
1278 684 1352 729 ubi
1370 699 1473 746 pur-

190 768 389 820 gamenta
418 774 625 821 aquarum
647 757 932 811 coaluerunt,
959 772 1011 803 ex
1037 755 1188 818 spuma
1224 754 1476 801 solidantur.

192 831 445 877 Necessario
470 831 564 877 leve
582 829 666 884 est,
694 831 816 892 quod
836 848 891 877 ex
909 828 1099 877 ventoso
1128 827 1337 891 inanique
1364 843 1475 874 con-v

192 917 361 950 cretum
404 903 476 950 est.
525 905 820 963 Quorundam
858 903 980 950 causa
1018 919 1109 950 non
1144 902 1286 966 potest
1322 901 1474 961 reddi,

191 990 327 1035 quare
338 991 449 1037 aqua
465 974 656 1020 Nilotica
671 973 984 1022 foecundiores
999 973 1185 1021 feminas
1201 973 1349 1031 saciat,
1362 974 1473 1020 adeo

190 1060 238 1095 ut
262 1047 530 1110 quarundam
559 1048 723 1097 viscera
749 1047 880 1111 longa
915 1047 1137 1095 sterilitate
1157 1047 1401 1116 praeclusa,
1420 1046 1476 1095 ad

190 1131 458 1179 conceptum
493 1118 754 1166 relaxaverit
783 1137 795 1165 ε
832 1136 964 1182 quare
1001 1121 1215 1183 quaedam
1254 1120 1300 1166 in
1336 1122 1476 1184 Lycia

191 1204 328 1250 aquae
356 1200 624 1251 conceptum
659 1189 920 1237 feminarum
959 1190 1233 1249 custodiant,
1266 1205 1372 1254 quas
1400 1193 1476 1240 so-

190 1261 280 1308 lent
299 1273 469 1323 petere,
496 1263 656 1326 quibus
675 1280 827 1324 parum
848 1279 977 1310 tenax
1002 1263 1137 1312 vulva
1154 1263 1229 1311 est.
1251 1266 1388 1325 Quod
1419 1266 1475 1313 ad

191 1351 264 1383 me
291 1334 475 1393 attinet,
507 1351 631 1398 pono
653 1335 730 1381 ista
759 1336 873 1383 inter
907 1348 1070 1384 temere
1097 1337 1282 1402 vulgata.
1314 1339 1475 1386 Credi-

193 1422 287 1455 tum
307 1407 368 1455 est
382 1440 398 1464 ‚
418 1409 625 1470 quasdam
650 1425 781 1472 aquas
798 1409 984 1457 scabiem
1004 1409 1160 1458 afferre
1182 1413 1447 1475 corporibus
1460 1450 1476 1473 ‚

191 1481 397 1543 quasdam
417 1480 705 1544 vitiliginem,
732 1495 777 1528 et
804 1482 980 1529 foedam
1004 1500 1058 1530 ex
1085 1483 1184 1533 albo
1204 1485 1477 1546 varietatem,

191 1555 282 1603 five
311 1554 449 1602 infusa
478 1553 567 1602 five
590 1568 693 1618 pota
720 1555 782 1602 fit.
810 1556 935 1618 quod
958 1555 1115 1603 vitium
1147 1557 1296 1605 dicunt
1316 1559 1475 1606 habere

192 1643 349 1689 aquam
373 1643 428 1672 ex
456 1643 561 1672 rore
587 1627 829 1673 coliec'hm.
860 1628 974 1686 Quis
994 1645 1085 1676 non
1104 1630 1369 1692 graviffimas
1388 1632 1475 1678 effe

192 1715 324 1761 aquas
350 1698 535 1756 credat,
565 1715 676 1760 quae
710 1699 756 1745 in
782 1700 1033 1763 crystallum
1073 1703 1269 1749 coeunt?
1306 1705 1477 1751 Contra

192 1785 338 1835 autem
366 1770 439 1817 est.
465 1770 719 1817 tenuiffimis
744 1771 859 1817 enim
892 1772 979 1820 hoc
1007 1776 1182 1833 evenit,
1204 1792 1309 1839 quas
1336 1776 1474 1840 frigus

157 1841 160 1844 ’
195 1844 255 1891 ob
273 1843 405 1907 ipsam
427 1843 679 1890 tenuitatem
701 1843 906 1890 facillime
925 1846 1049 1908 gelat.
1079 1847 1210 1893 Unde
1233 1862 1377 1895 autem
1398 1848 1473 1897 fiat

195 1917 410 1966 eiusmodi
427 1917 532 1979 lapis
549 1952 563 1973 ‚
587 1917 699 1978 apud
718 1918 911 1963 Graecos
934 1934 988 1964 ex
1011 1918 1108 1981 ipso
1131 1920 1312 1967 nomine
1336 1938 1471 1984 appa-

195 2005 294 2038 rete
319 1996 560 2051 κρύσταλλον
591 1988 706 2034 enim
734 1988 952 2050 appellant
977 2006 1113 2053 aeque
1139 1991 1256 2038 hunc
1286 1993 1474 2053 pet-lucio

198 2065 299 2110 dum
321 2063 530 2125 lapidem,
556 2078 684 2125 quam
706 2062 822 2107 illam
844 2063 1023 2127 glaciem
1038 2099 1051 2121 ,
1072 2079 1127 2110 ex
1146 2082 1232 2128 qua
1252 2065 1347 2112 fieri
1366 2067 1474 2129 lapis

197 2135 403 2182 creditur.
434 2137 563 2198 Aqua
593 2134 707 2180 enim
728 2135 923 2182 coelestis
941 2137 1170 2185 minimum
1191 2138 1235 2184 in
1253 2138 1295 2185 se
1313 2139 1471 2186 terreni

196 2210 385 2266 habens,
413 2225 512 2255 cum
543 2208 763 2267 induruit,
797 2210 1009 2274 longioris
1040 2211 1214 2275 frigoris
1239 2213 1470 2275 pertinacia

196 2283 392 2345 spissatur
415 2284 552 2347 magis
582 2301 632 2331 ac
663 2284 796 2346 magis
817 2303 827 2330 ε
848 2286 989 2332 donec
1015 2287 1139 2332 omni
1166 2288 1265 2333 aere
1295 2288 1470 2335 excluso

198 2356 244 2402 in
263 2356 305 2402 se
333 2369 423 2403 tota
449 2359 689 2423 compreffa
706 2359 795 2416 est,
820 2371 863 2408 et
881 2360 1043 2408 humor
1070 2361 1144 2424 qui
1172 2360 1309 2408 fuerat
1326 2396 1341 2421 ,
1361 2361 1470 2428 lapis

199 2429 375 2484 effeetus
393 2430 467 2478 est.
