1730 2870
238 136 331 197 ηε
480 137 529 182 L.
573 129 867 181 ANNAt-:t
918 133 1278 181 SENECAE

237 242 392 288 he'ndit
419 241 655 305 praesentia
679 259 689 286 :
719 240 1053 302 praeteritorum
1083 240 1396 300 reminisciturg
1420 257 1524 290 cum

237 315 285 361 id
313 316 467 362 incidit
487 347 500 371 ‚
527 331 618 380 quo
651 314 792 361 sensus
822 316 1087 363 admonetur
1112 336 1122 363 :
1148 329 1354 379 tanquam
1385 333 1523 379 equus

237 389 531 435 reminiscitur
555 388 651 436 viae
669 422 682 443 ‚
707 403 808 433 cum
836 389 890 434 ad
917 389 1093 435 initium
1113 390 1204 436 eius
1224 390 1427 436 admotus
1448 389 1523 436 est.
1568 408 1570 411 ·

236 464 284 507 ln
311 460 482 507 stabulo
519 461 698 523 quidem
730 460 845 506 nulla
872 460 1000 519 viae,
1037 463 1241 524 quamvis
1275 463 1402 525 saepe
1433 463 1524 508 cal-

238 548 388 591 catae,
422 535 636 582 memoria
668 535 745 581 est.
771 534 947 581 tertium
985 552 1096 582 vero
1127 548 1323 598 tempus,
1354 537 1401 583 id
1429 536 1490 583 est
1509 571 1523 595 ,

235 610 431 655 futurum
448 643 461 666 ‚
479 609 532 654 ad
555 619 677 654 muta
705 625 795 654 non
820 608 1019 668 pertinet.
1043 610 1296 667 Quomodo
1314 626 1420 673 ergo
1443 627 1523 674 po-

235 680 315 727 test
344 696 500 728 eorum
528 680 669 728 videri
695 680 886 742 perfeEta
914 693 1091 736 natura,
1123 681 1281 744 quibus
1303 683 1401 729 usus
1421 700 1523 746 per⁴

236 753 338 800 feffl
362 754 584 816 *temporis
617 769 709 799 non
737 753 835 799 est?
873 753 1071 815 Tempus
1104 753 1222 799 enim
1252 753 1389 801 tribus
1417 773 1519 817 par-

235 820 350 873 tibus
368 826 540 873 'constat
561 845 571 872 :
599 826 833 888 praeterito
852 860 865 881 ‚
884 826 1106 888 praesente
1121 862 1134 883 ‚
1157 839 1201 872 et
1220 827 1389 873 futuro.
1415 827 1521 874 Ani-

236 901 422 947 malibus
453 912 621 947 tantum
652 901 774 962 quod
803 900 1101 947 breviffimum
1124 900 1185 947 est
1208 901 1254 946 in
1281 902 1529 955 transcursus

237 973 410 1028 datum,
445 973 675 1036 praesens:
703 972 925 1034 praeteriti
957 989 1052 1019 rara
1082 974 1297 1022 memoria
1323 975 1384 1021 est
1401 1011 1414 1033 ‚
1442 992 1523 1023 nec

239 1061 434 1108 unquam
461 1049 726 1100 revocatur,
763 1045 842 1091 nis1
865 1046 1152 1108 praesentium
1183 1048 1382 1095 occursu.
1412 1049 1518 1095 Non

236 1121 381 1184 potest
412 1136 519 1183 ergo
548 1119 766 1182 perfectae
797 1132 974 1167 natur-ae
1002 1121 1169 1167 bonum
1209 1120 1254 1166 in
1283 1120 1516 1184 imperfec-

237 1205 279 1239 ta
298 1192 383 1240 effe
411 1207 574 1238 natura.
597 1195 683 1239 Aut
702 1191 729 1238 si
757 1196 914 1239 natura
934 1193 1087 1250 habet,
1109 1193 1194 1240 hoc
1220 1194 1376 1250 habet,
1397 1193 1521 1256 quod

235 1265 400 1311 habent
419 1276 462 1310 et
489 1263 586 1310 sata.
611 1265 706 1310 Nec
735 1262 843 1309 illud
870 1279 1011 1326 nego,
1031 1264 1084 1309 ad
1108 1280 1158 1310 ea
1183 1280 1293 1326 quae
1314 1264 1521 1310 videntur

234 1339 476 1387 secundum
508 1351 734 1395 naturam,
764 1351 950 1399 magnos
983 1336 1070 1384 effe
1102 1339 1231 1384 mutis
1263 1337 1521 1385 animalibus

235 1414 425 1476 impetus
452 1427 495 1459 et
519 1412 785 1468 concitatos,
822 1412 895 1458 sed
927 1412 1206 1460 inordinatos
1227 1429 1277 1458 ac
1303 1411 1519 1460 turbidos.

235 1487 475 1550 Nunquam
508 1499 652 1531 autem
688 1497 761 1531 aut
790 1485 1089 1531 inordinatum
1124 1483 1185 1532 est
1218 1486 1418 1542 bonurn,
1448 1500 1522 1532 aut

233 1561 471 1611 turbidum.
520 1557 643 1617 Quid
676 1574 813 1621 ergo,
842 1560 1014 1621 inquis,
1042 1571 1164 1607 muta
1193 1558 1390 1604 animalia
1418 1575 1520 1620 per—

231 1635 405 1682 turbate
421 1644 463 1678 et
484 1631 738 1693 indisposite
753 1636 1014 1677 moventur?
1033 1629 1241 1678 Dicerem
1263 1632 1331 1676 illa
1352 1644 1518 1693 pertur-

233 1710 332 1757 bate
348 1723 392 1754 et
407 1706 659 1768 indisposite
676 1707 851 1753 moveri
869 1738 882 1761 ‚
903 1705 930 1750 si
956 1719 1104 1753 natura
1121 1706 1296 1751 illorum
1315 1706 1515 1751 ordinem

230 1779 437 1844 caperet:
474 1795 592 1825 nunc
623 1793 864 1826 moventur
894 1778 1130 1825 secundum
1158 1793 1356 1825 naturam
1387 1778 1539 1824 suam(

231 1854 538 1902 Perturbatum
563 1851 679 1897 enim
699 1851 743 1897 id
764 1852 845 1908 est,
865 1852 989 1914 quod
1007 1852 1091 1898 effe
1110 1852 1345 1914 aliquando
1367 1863 1408 1897 et
1428 1868 1519 1896 non

230 1928 533 1994 perturbatum
554 1924 710 1988 potest.
741 1926 988 1972 Sollicitum
1011 1926 1097 1981 cst,
1115 1924 1406 1988 quodpotest
1431 1925 1517 1971 effe

229 1997 444 2050 securum.v
474 2002 593 2047 Nulli
614 2002 775 2048 vitium
798 2000 858 2047 est
873 2037 885 2058 ,
911 2000 984 2046 nisi
1005 2001 1073 2047 cui
1095 1998 1396 2061 virtusipotest
1419 1999 1522 2047 effe.

229 2076 368 2122 Mutis
401 2072 667 2120 animalibus
685 2072 777 2119 talis
799 2090 852 2120 ex
875 2072 944 2119 sua
971 2086 1120 2120 natura
1153 2087 1299 2120 motus
1325 2074 1400 2119 est.
1431 2075 1517 2120 Sed

226 2161 357 2195 nette
382 2146 456 2193 diu
484 2133 684 2202 ten’eam5
712 2145 893 2208 aliquod
911 2145 991 2191 erit
1017 2145 1185 2191 bonum
1208 2146 1251 2190 in
1273 2157 1400 2191 muto
1428 2145 1522 2190 ani-v

229 2221 354 2278 mali3
384 2221 467 2268 erit
492 2212 635 2282 aliqua
652 2219 834 2275 virtus,
856 2219 936 2264 erit
959 2219 1123 2282 aliquid
1151 2218 1417 2280 perfeetum:
1442 2218 1513 2264 sed

227 2297 394 2359 quale?
427 2304 512 2342 nec·
537 2295 704 2340 bonu-m
737 2292 929 2339 absolute
948 2328 960 2348 ‚
993 2309 1074 2339 nec
1106 2292 1272 2349 virtus,
1305 2308 1386 2338 nec
1414 2308 1514 2353 per-

229 2369 408 2416 feetum.
456 2371 576 2415 Haec
615 2368 730 2415 enim
769 2368 1051 2414 rationalibus
1089 2367 1189 2414 solis
1219 2367 1484 2429 contingunt
1499 2388 1537 2422 ‚··

229 2441 569 2507 quibusdatum
591 2438 653 2489 est
682 2439 812 2500 scire,
843 2456 1006 2504 quare,
1031 2454 1275 2504 quatenus,
1305 2438 1537 2502 quemad--
