1730 2870
257 174 320 219 74
517 161 564 206 L.
613 157 910 205 ANNAE1
954 159 1304 207 SENECAE

261 281 417 327 aquam
434 300 446 320 ,
474 264 710 309 habeamus
739 262 958 325 polentam
976 299 990 321 ,
1023 265 1120 312 Iovi
1142 264 1219 328 ipfi
1250 266 1303 311 de
1331 264 1532 312 felicitate

261 334 603 382 controverfiam
627 333 844 380 faciamus.
871 336 1090 381 Faciamus
1108 370 1121 390 ,
1154 351 1240 381 oro
1269 348 1336 390 te,
1370 335 1531 382 etiamsi

259 407 335 454 ista
355 407 583 454 defuerint.
601 408 754 469 Turpe
771 406 831 452 est
844 441 857 464 ,
877 408 1042 453 beatam
1062 407 1196 454 vitam
1220 408 1263 453 in
1282 425 1389 454 auro
1407 424 1450 454 et
1467 424 1530 453 ar-

258 498 393 545 gento
411 497 622 544 reponere
642 498 652 527 :
672 497 808 543 aeque
829 493 955 543 turpe
979 481 1039 527 est
1062 481 1105 526 in
1128 497 1237 544 aqua
1266 494 1307 528 et
1339 482 1530 544 polenta.

259 557 384 616 Quid
420 571 525 619 ergo
562 555 716 601 faciam
737 590 751 612 ,
786 555 815 600 fi
848 555 922 600 ista
959 570 1049 600 non
1083 554 1279 602 fuerint?
1314 555 1531 615 Quaeris,

259 630 381 692 quod
395 628 444 675 fit
461 629 701 675 remedium
721 628 928 691 inopiae?
950 628 1108 675 famem
1128 628 1262 675 fames
1281 628 1388 675 finit.
1408 630 1530 675 Alio—

258 699 461 762 quiquid
490 699 690 756 interest,
717 716 873 762 magna
899 699 1001 753 sint,
1028 716 1081 744 an
1106 699 1284 762 exigua,
1314 715 1424 762 quae
1444 700 1533 745 ser-

258 774 352 819 vire
379 786 421 820 te
448 772 645 835 cogunt?
678 772 782 835 quid
814 771 944 817 refert
972 785 1181 834 quantum
1204 771 1280 828 sit,
1312 773 1434 833 quod
1455 771 1534 816 tibi

256 845 386 908 poffit
406 861 561 907 negare
586 844 761 890 fortuna
783 844 799 890 ?
824 845 945 890 Haec
970 844 1058 906 ipsa
1078 861 1188 907 aqua
1215 857 1256 890 et
1281 844 1457 905 polenta
1487 845 1532 889 in

256 917 444 963 alienum
478 916 704 977 arbitrium
740 917 854 963 cadit
886 934 896 961 :
929 916 1037 962 liber
1073 917 1132 963 est
1164 932 1334 974 autern,
1366 932 1458 961 non
1488 917 1533 962 in

256 1006 387 1052 quem
416 1005 567 1051 parum
600 989 703 1036 licet
727 990 954 1046 fortunae,
987 987 1057 1034 sed
1079 989 1123 1033 in
1157 1004 1289 1050 quem
1319 988 1440 1033 nihil.
1473 991 1534 1034 lta

255 1062 317 1108 est
336 1080 345 1107 ε
369 1062 475 1107 nihil
494 1061 706 1107 derideres
727 1074 934 1123 oportet,
956 1060 984 1105 fi
1006 1061 1070 1106 vis
1091 1063 1241 1107 lovem
1263 1076 1531 1122 provocare,

255 1136 362 1183 nihil
381 1136 709 1183 desiderantem.
739 1138 857 1183 Haec
889 1135 1017 1181 nobis
1038 1135 1204 1181 Attalus
1227 1135 1335 1181 dixit
1356 1152 1366 1180 .·
1387 1147 1536 1180 natura

254 1207 460 1253 omnibus
489 1206 637 1252 edixit,
664 1209 789 1267 Quae
820 1207 850 1252 fi
883 1208 1007 1253 voles
1039 1205 1289 1268 frequenter
1316 1205 1533 1266 cogitare,

236 1279 299 1325 rid
319 1296 446 1342 ages,
473 1279 501 1325 fi
523 1279 573 1326 fis
604 1279 733 1336 felix,
763 1297 854 1327 non
883 1292 930 1326 ut
956 1279 1176 1327 videaris:
1201 1289 1244 1324 et
1277 1292 1325 1325 ut
1352 1277 1433 1324 tibi
1462 1277 1532 1325 vi-

254 1351 420 1407 dearis,
454 1369 546 1398 non
575 1351 678 1399 aliis.

540 1489 1015 1534 EPISTOLA
1097 1481 1243 1535 CXI.

257 1622 441 1667 cavillos
457 1656 467 1675 ‚
494 1639 652 1666 vanam
676 1619 718 1667 ὃ*
739 1614 928 1667 humilem
945 1622 1252 1682 pl'zilofhphiam
1273 1619 1341 1684 ff
1361 1638 1376 1665 :
1400 1638 1532 1665 veram

319 1697 436 1740 illam
463 1698 508 1741 de
530 1698 730 1756 moribus,
751 1698 919 1756 firmam
935 1732 948 1755 ,
971 1700 1116 1742 altam.
1151 1697 1248 1741 Huc
1276 1698 1469 1741 eundum.

266 1802 388 1940 Q
412 1884 525 1916 UID
555 1883 775 1916 vocentur
800 1869 952 1916 Latine
979 1867 1260 1930 sophismata,
1289 1865 1482 1929 quaesisti
1513 1883 1535 1912 a

257 1956 341 1986 me.
369 1940 499 1987 Multi
528 1952 806 1987 tentaverunt
839 1940 923 1987 illis
956 1956 1120 1986 nomen
1150 1939 1411 2001 imponere,
1443 1938 1537 1983 nul-

256 2011 346 2059 lum
373 2012 533 2058 haesit:
558 2011 763 2059 videlicet
790 2012 894 2074 quia
922 2028 990 2058 res
1019 2010 1111 2073 ipsa
1136 2026 1227 2056 non
1245 2009 1537 2072 recipiebatur

255 2101 277 2129 a
301 2085 455 2140 nobis,
487 2101 568 2131 nec
590 2086 635 2131 in
662 2085 738 2132 usu
768 2098 887 2144 erat,
916 2085 1088 2132 nomini
1118 2100 1296 2147 quoque
1322 2100 1536 2147 repugna-

256 2169 348 2203 tum
367 2158 439 2204 est.
461 2158 736 2219 Aptissimum
758 2175 901 2206 tamen
919 2159 1096 2206 videtur
1115 2158 1248 2212 mihi,
1267 2174 1358 2221 quo
1375 2158 1536 2205 Cicero

258 2230 357 2277 usus
374 2230 432 2277 est
453 2250 464 2276 :
483 2231 801 2278 Cavillationes
827 2242 973 2278 vocat.
1005 2230 1162 2294 quibus
1180 2229 1371 2293 quisquis
1388 2229 1429 2276 se
1447 2240 1535 2275 tra-

258 2302 393 2360 didit,
423 2302 764 2365 quaestiunculas
793 2303 971 2367 quidem
996 2302 1136 2349 vafras
1156 2302 1314 2349 nefflt:
1341 2315 1534 2347 ceterum

258 2376 312 2421 ad
332 2375 464 2422 vitam
487 2374 594 2420 nihil
609 2372 804 2436 proficit,
829 2391 970 2438 neque
989 2371 1149 2421 fortior
1168 2372 1243 2430 fit,
1263 2389 1402 2436 neque
1422 2383 1533 2418 tem-

257 2448 505 2512 perantior,
527 2463 668 2510 neque
690 2445 854 2494 elatior.
879 2448 938 2492 At
957 2445 1027 2493 ille
1052 2444 1125 2509 qui
1145 2444 1462 2509 philosophiam
1485 2442 1532 2492 in
