<?xml version="1.0" encoding="UTF-8"?>
<!DOCTYPE html PUBLIC "-//W3C//DTD XHTML 1.0 Transitional//EN"
    "http://www.w3.org/TR/xhtml1/DTD/xhtml1-transitional.dtd">
<html xmlns="http://www.w3.org/1999/xhtml" xml:lang="en" lang="en">
 <head>
  <title>
</title>
<meta http-equiv="Content-Type" content="text/html;charset=utf-8" />
  <meta name='ocr-system' content='tesseract 3.04.00' />
  <meta name='ocr-capabilities' content='ocr_page ocr_carea ocr_par ocr_line ocrx_word'/>
</head>
<body>
  <div class='ocr_page' id='page_1' title='image "./lannaeisenecaeph04seneuoft_0034.png"; bbox 0 0 1730 2870; ppageno 0'>
   <div class='ocr_carea' id='block_1_1' title="bbox 237 159 1289 238">
    <p class='ocr_par' dir='ltr' id='par_1_1' title="bbox 237 159 1289 238">
     <span class='ocr_line' id='line_1_1' title="bbox 237 159 1289 238; baseline 0.006 -11"><span class='ocrx_word' id='word_1_1' title='bbox 237 181 296 227; x_wconf 76' lang='lat'>28</span> <span class='ocrx_word' id='word_1_2' title='bbox 486 185 545 231; x_wconf 67' lang='lat' dir='ltr'>t.</span> <span class='ocrx_word' id='word_1_3' title='bbox 590 159 1289 238; x_wconf 70' lang='lat' dir='ltr'>ANNAEtSENECAE</span> 
     </span>
    </p>
   </div>
   <div class='ocr_carea' id='block_1_2' title="bbox 198 287 1517 2543">
    <p class='ocr_par' dir='ltr' id='par_1_2' title="bbox 198 287 1517 2543">
     <span class='ocr_line' id='line_1_2' title="bbox 233 287 1509 354; baseline 0.004 -21"><span class='ocrx_word' id='word_1_4' title='bbox 233 287 262 333; x_wconf 78' lang='lat' dir='ltr'>st</span> <span class='ocrx_word' id='word_1_5' title='bbox 295 288 438 334; x_wconf 76' lang='lat' dir='ltr'>falsam</span> <span class='ocrx_word' id='word_1_6' title='bbox 454 326 465 344; x_wconf 92' lang='lat'>‚</span> <span class='ocrx_word' id='word_1_7' title='bbox 493 289 558 335; x_wconf 86' lang='lat' dir='ltr'>eff</span> <span class='ocrx_word' id='word_1_8' title='bbox 580 292 694 336; x_wconf 68' lang='lat' dir='ltr'>&amp;um</span> <span class='ocrx_word' id='word_1_9' title='bbox 716 306 862 336; x_wconf 86' lang='lat' dir='ltr'>tamen</span> <span class='ocrx_word' id='word_1_10' title='bbox 887 308 1016 338; x_wconf 80' lang='lat' dir='ltr'>verae</span> <span class='ocrx_word' id='word_1_11' title='bbox 1047 292 1277 338; x_wconf 77' lang='lat' dir='ltr'>habentem</span> <span class='ocrx_word' id='word_1_12' title='bbox 1299 311 1309 338; x_wconf 75' lang='grc' dir='ltr'><strong><em>ε</em></strong></span> <span class='ocrx_word' id='word_1_13' title='bbox 1332 291 1387 339; x_wconf 82' lang='lat' dir='ltr'>fic</span> <span class='ocrx_word' id='word_1_14' title='bbox 1413 290 1509 354; x_wconf 80' lang='lat' dir='ltr'>epi·-</span> 
     </span>
     <span class='ocr_line' id='line_1_3' title="bbox 233 360 1511 412; baseline 0.003 -6"><span class='ocrx_word' id='word_1_15' title='bbox 233 360 342 406; x_wconf 86' lang='lat' dir='ltr'>stola</span> <span class='ocrx_word' id='word_1_16' title='bbox 374 376 442 407; x_wconf 85' lang='lat' dir='ltr'>tua</span> <span class='ocrx_word' id='word_1_17' title='bbox 479 364 587 408; x_wconf 83' lang='lat' dir='ltr'>mihi</span> <span class='ocrx_word' id='word_1_18' title='bbox 626 362 732 408; x_wconf 86' lang='lat' dir='ltr'>fecit</span> <span class='ocrx_word' id='word_1_19' title='bbox 765 363 980 409; x_wconf 87' lang='lat' dir='ltr'>iniuriam.</span> <span class='ocrx_word' id='word_1_20' title='bbox 1019 365 1250 412; x_wconf 84' lang='lat' dir='ltr'>revocavit</span> <span class='ocrx_word' id='word_1_21' title='bbox 1287 365 1405 411; x_wconf 86' lang='lat' dir='ltr'>enim</span> <span class='ocrx_word' id='word_1_22' title='bbox 1441 382 1511 410; x_wconf 89' lang='lat' dir='ltr'>me</span> 
     </span>
     <span class='ocr_line' id='line_1_4' title="bbox 232 434 1512 497; baseline 0.003 -18"><span class='ocrx_word' id='word_1_23' title='bbox 232 434 493 497; x_wconf 70' lang='lat' dir='ltr'>cogitationi</span> <span class='ocrx_word' id='word_1_24' title='bbox 531 451 655 496; x_wconf 78' lang='lat' dir='ltr'>aptae</span> <span class='ocrx_word' id='word_1_25' title='bbox 689 436 892 481; x_wconf 83' lang='lat' dir='ltr'>traditum</span> <span class='ocrx_word' id='word_1_26' title='bbox 909 473 920 491; x_wconf 90' lang='lat'>‚</span> <span class='ocrx_word' id='word_1_27' title='bbox 952 448 994 481; x_wconf 91' lang='lat' dir='ltr'>et</span> <span class='ocrx_word' id='word_1_28' title='bbox 1021 436 1213 493; x_wconf 84' lang='lat' dir='ltr'>iturum,</span> <span class='ocrx_word' id='word_1_29' title='bbox 1245 437 1276 483; x_wconf 88' lang='lat' dir='ltr'>s1</span> <span class='ocrx_word' id='word_1_30' title='bbox 1297 437 1478 484; x_wconf 82' lang='lat' dir='ltr'>licuiffet</span> <span class='ocrx_word' id='word_1_31' title='bbox 1497 472 1512 494; x_wconf 92' lang='lat'>,</span> 
     </span>
     <span class='ocr_line' id='line_1_5' title="bbox 232 507 1513 571; baseline 0.003 -19"><span class='ocrx_word' id='word_1_32' title='bbox 232 507 421 571; x_wconf 67' lang='lat' dir='ltr'>ulterius.</span> <span class='ocrx_word' id='word_1_33' title='bbox 445 510 625 555; x_wconf 83' lang='lat' dir='ltr'>Iuvabat</span> <span class='ocrx_word' id='word_1_34' title='bbox 653 510 706 555; x_wconf 89' lang='lat' dir='ltr'>de</span> <span class='ocrx_word' id='word_1_35' title='bbox 735 509 985 556; x_wconf 72' lang='lat' dir='ltr'>aeternitate</span> <span class='ocrx_word' id='word_1_36' title='bbox 1005 510 1247 556; x_wconf 73' lang='lat' dir='ltr'>animarum</span> <span class='ocrx_word' id='word_1_37' title='bbox 1276 526 1480 571; x_wconf 82' lang='lat' dir='ltr'>quaerere</span> <span class='ocrx_word' id='word_1_38' title='bbox 1499 545 1513 567; x_wconf 93' lang='lat'>,</span> 
     </span>
     <span class='ocr_line' id='line_1_6' title="bbox 232 577 1513 645; baseline 0.002 -20"><span class='ocrx_word' id='word_1_39' title='bbox 232 577 373 626; x_wconf 84' lang='lat' dir='ltr'>immo</span> <span class='ocrx_word' id='word_1_40' title='bbox 392 581 638 628; x_wconf 75' lang='lat' dir='ltr'><strong>mehercule</strong></span> <span class='ocrx_word' id='word_1_41' title='bbox 653 582 838 628; x_wconf 85' lang='lat' dir='ltr'>credere.</span> <span class='ocrx_word' id='word_1_42' title='bbox 872 583 1104 628; x_wconf 75' lang='lat' dir='ltr'>credebam</span> <span class='ocrx_word' id='word_1_43' title='bbox 1131 583 1245 628; x_wconf 89' lang='lat' dir='ltr'>enim</span> <span class='ocrx_word' id='word_1_44' title='bbox 1266 581 1391 629; x_wconf 85' lang='lat' dir='ltr'>facile</span> <span class='ocrx_word' id='word_1_45' title='bbox 1411 582 1513 645; x_wconf 88' lang='lat' dir='ltr'>opi-</span> 
     </span>
     <span class='ocr_line' id='line_1_7' title="bbox 231 651 1511 717; baseline 0.005 -22"><span class='ocrx_word' id='word_1_46' title='bbox 231 651 434 699; x_wconf 80' lang='lat' dir='ltr'>nionibus</span> <span class='ocrx_word' id='word_1_47' title='bbox 455 671 715 716; x_wconf 81' lang='lat' dir='ltr'>magnorum</span> <span class='ocrx_word' id='word_1_48' title='bbox 737 655 937 701; x_wconf 90' lang='lat' dir='ltr'>virorum</span> <span class='ocrx_word' id='word_1_49' title='bbox 958 692 973 712; x_wconf 84' lang='lat'>‚</span> <span class='ocrx_word' id='word_1_50' title='bbox 998 673 1088 701; x_wconf 87' lang='lat' dir='ltr'>rem</span> <span class='ocrx_word' id='word_1_51' title='bbox 1109 654 1384 717; x_wconf 82' lang='lat' dir='ltr'>gratiffimam</span> <span class='ocrx_word' id='word_1_52' title='bbox 1404 672 1511 717; x_wconf 89' lang='lat' dir='ltr'>pro-</span> 
     </span>
     <span class='ocr_line' id='line_1_8' title="bbox 231 726 1511 790; baseline 0.003 -21"><span class='ocrx_word' id='word_1_53' title='bbox 231 726 494 773; x_wconf 69' lang='lat' dir='ltr'>mittentium</span> <span class='ocrx_word' id='word_1_54' title='bbox 529 728 688 790; x_wconf 79' lang='lat' dir='ltr'>magis,</span> <span class='ocrx_word' id='word_1_55' title='bbox 727 746 859 790; x_wconf 88' lang='lat' dir='ltr'>quam</span> <span class='ocrx_word' id='word_1_56' title='bbox 899 729 1191 788; x_wconf 76' lang='lat' dir='ltr'>probantium.</span> <span class='ocrx_word' id='word_1_57' title='bbox 1226 729 1400 774; x_wconf 76' lang='lat' dir='ltr'>Dabam</span> <span class='ocrx_word' id='word_1_58' title='bbox 1441 745 1511 773; x_wconf 87' lang='lat' dir='ltr'>me</span> 
     </span>
     <span class='ocr_line' id='line_1_9' title="bbox 231 797 1512 862; baseline 0.003 -20"><span class='ocrx_word' id='word_1_59' title='bbox 231 797 319 860; x_wconf 81' lang='lat' dir='ltr'>spei</span> <span class='ocrx_word' id='word_1_60' title='bbox 351 812 505 846; x_wconf 72' lang='lat' dir='ltr'>tantae,</span> <span class='ocrx_word' id='word_1_61' title='bbox 549 801 635 846; x_wconf 85' lang='lat' dir='ltr'>iam</span> <span class='ocrx_word' id='word_1_62' title='bbox 663 818 778 847; x_wconf 89' lang='lat' dir='ltr'>eram</span> <span class='ocrx_word' id='word_1_63' title='bbox 809 800 981 847; x_wconf 88' lang='lat' dir='ltr'>fastidio</span> <span class='ocrx_word' id='word_1_64' title='bbox 1016 801 1122 847; x_wconf 88' lang='lat' dir='ltr'>mihi</span> <span class='ocrx_word' id='word_1_65' title='bbox 1141 837 1155 858; x_wconf 91' lang='lat'>‚</span> <span class='ocrx_word' id='word_1_66' title='bbox 1194 801 1277 854; x_wconf 84' lang='lat' dir='ltr'>iam</span> <span class='ocrx_word' id='word_1_67' title='bbox 1309 800 1512 862; x_wconf 70' lang='lat' dir='ltr'>reliquias</span> 
     </span>
     <span class='ocr_line' id='line_1_10' title="bbox 209 873 1513 932; baseline 0.003 -17"><span class='ocrx_word' id='word_1_68' title='bbox 209 873 380 918; x_wconf 69' lang='lat' dir='ltr'>,aetatis</span> <span class='ocrx_word' id='word_1_69' title='bbox 409 873 610 921; x_wconf 47' lang='lat' dir='ltr'>infixae-ae</span> <span class='ocrx_word' id='word_1_70' title='bbox 642 876 978 921; x_wconf 80' lang='lat' dir='ltr'>contemnebam</span> <span class='ocrx_word' id='word_1_71' title='bbox 997 911 1011 932; x_wconf 89' lang='lat'>‚</span> <span class='ocrx_word' id='word_1_72' title='bbox 1042 876 1086 921; x_wconf 90' lang='lat' dir='ltr'>in</span> <span class='ocrx_word' id='word_1_73' title='bbox 1116 875 1374 921; x_wconf 85' lang='lat' dir='ltr'>immensum</span> <span class='ocrx_word' id='word_1_74' title='bbox 1407 873 1513 919; x_wconf 86' lang='lat' dir='ltr'>illud</span> 
     </span>
     <span class='ocr_line' id='line_1_11' title="bbox 231 945 1512 1008; baseline 0.001 -18"><span class='ocrx_word' id='word_1_75' title='bbox 231 957 431 1007; x_wconf 79' lang='lat' dir='ltr'>tempus,</span> <span class='ocrx_word' id='word_1_76' title='bbox 459 959 501 992; x_wconf 90' lang='lat' dir='ltr'>et</span> <span class='ocrx_word' id='word_1_77' title='bbox 528 948 572 992; x_wconf 87' lang='lat' dir='ltr'>in</span> <span class='ocrx_word' id='word_1_78' title='bbox 604 947 806 1008; x_wconf 76' lang='lat' dir='ltr'>poss&#39;effio</span> <span class='ocrx_word' id='word_1_79' title='bbox 778 964 910 993; x_wconf 86' lang='lat' dir='ltr'>onem</span> <span class='ocrx_word' id='word_1_80' title='bbox 940 948 1086 995; x_wconf 86' lang='lat' dir='ltr'>omnis</span> <span class='ocrx_word' id='word_1_81' title='bbox 1113 947 1212 994; x_wconf 81' lang='lat' dir='ltr'>aevi</span> <span class='ocrx_word' id='word_1_82' title='bbox 1233 945 1512 993; x_wconf 65' lang='lat' dir='ltr'>transiturus:</span> 
     </span>
     <span class='ocr_line' id='line_1_12' title="bbox 231 1019 1515 1092; baseline 0.004 -30.12"><span class='ocrx_word' id='word_1_83' title='bbox 231 1035 331 1063; x_wconf 81' lang='lat' dir='ltr'>cum</span> <span class='ocrx_word' id='word_1_84' title='bbox 354 1019 494 1066; x_wconf 77' lang='lat' dir='ltr'>subito</span> <span class='ocrx_word' id='word_1_85' title='bbox 514 1022 789 1092; x_wconf 60' lang='grc' dir='ltr'>εχρριτεξὶυε</span> <span class='ocrx_word' id='word_1_86' title='bbox 808 1022 924 1078; x_wconf 71' lang='lat' dir='ltr'>ium,</span> <span class='ocrx_word' id='word_1_87' title='bbox 954 1022 1133 1083; x_wconf 84' lang='lat' dir='ltr'>epistola</span> <span class='ocrx_word' id='word_1_88' title='bbox 1151 1035 1222 1068; x_wconf 89' lang='lat' dir='ltr'>tua</span> <span class='ocrx_word' id='word_1_89' title='bbox 1241 1038 1444 1083; x_wconf 84' lang='lat' dir='ltr'>accepta,</span> <span class='ocrx_word' id='word_1_90' title='bbox 1471 1034 1515 1068; x_wconf 88' lang='lat' dir='ltr'>et</span> 
     </span>
     <span class='ocr_line' id='line_1_13' title="bbox 231 1093 1514 1158; baseline 0.005 -22"><span class='ocrx_word' id='word_1_91' title='bbox 231 1103 318 1136; x_wconf 78' lang='lat' dir='ltr'>tam</span> <span class='ocrx_word' id='word_1_92' title='bbox 349 1093 510 1138; x_wconf 84' lang='lat' dir='ltr'>bellum</span> <span class='ocrx_word' id='word_1_93' title='bbox 544 1093 683 1139; x_wconf 89' lang='lat' dir='ltr'>som</span> <span class='ocrx_word' id='word_1_94' title='bbox 647 1111 762 1138; x_wconf 67' lang='lat' dir='ltr'>&#39;uum</span> <span class='ocrx_word' id='word_1_95' title='bbox 794 1096 979 1155; x_wconf 83' lang='lat' dir='ltr'>perdidi.</span> <span class='ocrx_word' id='word_1_96' title='bbox 1007 1098 1126 1158; x_wconf 80' lang='lat' dir='ltr'>quod</span> <span class='ocrx_word' id='word_1_97' title='bbox 1158 1112 1350 1157; x_wconf 79' lang='lat' dir='ltr'>repetam</span> <span class='ocrx_word' id='word_1_98' title='bbox 1369 1128 1382 1150; x_wconf 91' lang='lat'>,</span> <span class='ocrx_word' id='word_1_99' title='bbox 1413 1095 1443 1141; x_wconf 88' lang='lat' dir='ltr'><strong>fi</strong></span> <span class='ocrx_word' id='word_1_100' title='bbox 1472 1108 1514 1142; x_wconf 86' lang='lat' dir='ltr'>te</span> 
     </span>
     <span class='ocr_line' id='line_1_14' title="bbox 232 1164 1513 1231; baseline 0.004 -23"><span class='ocrx_word' id='word_1_101' title='bbox 232 1164 468 1223; x_wconf 69' lang='lat' dir='ltr'>(limitem,</span> <span class='ocrx_word' id='word_1_102' title='bbox 499 1179 543 1211; x_wconf 86' lang='lat' dir='ltr'>et</span> <span class='ocrx_word' id='word_1_103' title='bbox 563 1168 784 1213; x_wconf 75' lang='lat' dir='ltr'>redimam.</span> <span class='ocrx_word' id='word_1_104' title='bbox 815 1169 961 1230; x_wconf 79' lang='lat' dir='ltr'>Negas</span> <span class='ocrx_word' id='word_1_105' title='bbox 991 1186 1061 1215; x_wconf 84' lang='lat' dir='ltr'>me</span> <span class='ocrx_word' id='word_1_106' title='bbox 1089 1168 1267 1230; x_wconf 80' lang='lat' dir='ltr'>epistola</span> <span class='ocrx_word' id='word_1_107' title='bbox 1287 1169 1426 1231; x_wconf 83' lang='lat' dir='ltr'>prima</span> <span class='ocrx_word' id='word_1_108' title='bbox 1443 1180 1513 1213; x_wconf 90' lang='lat' dir='ltr'>to-</span> 
     </span>
     <span class='ocr_line' id='line_1_15' title="bbox 233 1201 1514 1304; baseline 0.002 -22"><span class='ocrx_word' id='word_1_109' title='bbox 233 1252 321 1282; x_wconf 65' lang='lat' dir='ltr'>tam</span> <span class='ocrx_word' id='word_1_110' title='bbox 343 1201 642 1300; x_wconf 68' lang='lat' dir='ltr'>quaei&#39;tionzm</span> <span class='ocrx_word' id='word_1_111' title='bbox 672 1240 951 1302; x_wconf 76' lang='lat' dir='ltr'>explicuiffe,</span> <span class='ocrx_word' id='word_1_112' title='bbox 975 1242 1020 1287; x_wconf 84' lang='lat' dir='ltr'>in</span> <span class='ocrx_word' id='word_1_113' title='bbox 1050 1259 1134 1302; x_wconf 82' lang='lat' dir='ltr'>qua</span> <span class='ocrx_word' id='word_1_114' title='bbox 1156 1242 1345 1304; x_wconf 89' lang='lat' dir='ltr'>probare</span> <span class='ocrx_word' id='word_1_115' title='bbox 1375 1256 1514 1285; x_wconf 89' lang='lat' dir='ltr'>cona-</span> 
     </span>
     <span class='ocr_line' id='line_1_16' title="bbox 234 1309 1515 1373; baseline 0.001 -19"><span class='ocrx_word' id='word_1_116' title='bbox 234 1310 307 1354; x_wconf 75' lang='lat' dir='ltr'>bar</span> <span class='ocrx_word' id='word_1_117' title='bbox 342 1310 387 1358; x_wconf 82' lang='lat' dir='ltr'>id</span> <span class='ocrx_word' id='word_1_118' title='bbox 426 1312 548 1373; x_wconf 85' lang='lat' dir='ltr'>quod</span> <span class='ocrx_word' id='word_1_119' title='bbox 583 1311 736 1357; x_wconf 67' lang='lat' dir='ltr'>nostris</span> <span class='ocrx_word' id='word_1_120' title='bbox 773 1312 910 1372; x_wconf 82' lang='lat' dir='ltr'>placet</span> <span class='ocrx_word' id='word_1_121' title='bbox 933 1348 946 1369; x_wconf 90' lang='lat'>‚</span> <span class='ocrx_word' id='word_1_122' title='bbox 991 1312 1230 1359; x_wconf 78' lang='lat' dir='ltr'>claritatem</span> <span class='ocrx_word' id='word_1_123' title='bbox 1269 1328 1381 1373; x_wconf 80' lang='lat' dir='ltr'>quae</span> <span class='ocrx_word' id='word_1_124' title='bbox 1418 1309 1515 1373; x_wconf 81' lang='lat' dir='ltr'>post</span> 
     </span>
     <span class='ocr_line' id='line_1_17' title="bbox 237 1383 1516 1447; baseline 0.002 -20"><span class='ocrx_word' id='word_1_125' title='bbox 237 1396 425 1428; x_wconf 66' lang='lat' dir='ltr'>mortem</span> <span class='ocrx_word' id='word_1_126' title='bbox 468 1383 713 1447; x_wconf 75' lang='lat' dir='ltr'>contingit,</span> <span class='ocrx_word' id='word_1_127' title='bbox 751 1384 916 1429; x_wconf 74' lang='lat' dir='ltr'>bonum</span> <span class='ocrx_word' id='word_1_128' title='bbox 953 1384 1049 1430; x_wconf 78' lang='lat' dir='ltr'>effe.</span> <span class='ocrx_word' id='word_1_129' title='bbox 1090 1385 1138 1429; x_wconf 87' lang='lat' dir='ltr'>Id</span> <span class='ocrx_word' id='word_1_130' title='bbox 1170 1384 1286 1429; x_wconf 79' lang='lat' dir='ltr'>enirn</span> <span class='ocrx_word' id='word_1_131' title='bbox 1323 1399 1392 1428; x_wconf 90' lang='lat' dir='ltr'>me</span> <span class='ocrx_word' id='word_1_132' title='bbox 1423 1398 1516 1429; x_wconf 83' lang='lat' dir='ltr'>non</span> 
     </span>
     <span class='ocr_line' id='line_1_18' title="bbox 236 1454 1515 1519; baseline -0.001 -18"><span class='ocrx_word' id='word_1_133' title='bbox 236 1454 405 1501; x_wconf 62' lang='lat' dir='ltr'>solvssss&#39;e</span> <span class='ocrx_word' id='word_1_134' title='bbox 419 1492 433 1512; x_wconf 92' lang='lat'><em>,</em></span> <span class='ocrx_word' id='word_1_135' title='bbox 453 1457 575 1518; x_wconf 63' lang='lat' dir='ltr'>quod</span> <span class='ocrx_word' id='word_1_136' title='bbox 601 1456 844 1519; x_wconf 55' lang='lat' dir='ltr'>opponitur</span> <span class='ocrx_word' id='word_1_137' title='bbox 863 1457 1020 1504; x_wconf 84' lang='lat' dir='ltr'>nobis:</span> <span class='ocrx_word' id='word_1_138' title='bbox 1044 1458 1222 1503; x_wconf 85' lang='lat' dir='ltr'>Nullum</span> <span class='ocrx_word' id='word_1_139' title='bbox 1243 1492 1255 1513; x_wconf 89' lang='lat'>,</span> <span class='ocrx_word' id='word_1_140' title='bbox 1282 1456 1486 1519; x_wconf 88' lang='lat' dir='ltr'>inquiunt</span> <span class='ocrx_word' id='word_1_141' title='bbox 1500 1491 1515 1512; x_wconf 88' lang='lat'>‚</span> 
     </span>
     <span class='ocr_line' id='line_1_19' title="bbox 236 1530 1515 1578; baseline 0.002 -5"><span class='ocrx_word' id='word_1_142' title='bbox 236 1530 402 1576; x_wconf 86' lang='lat' dir='ltr'>bonum</span> <span class='ocrx_word' id='word_1_143' title='bbox 424 1549 479 1578; x_wconf 82' lang='lat' dir='ltr'>ex</span> <span class='ocrx_word' id='word_1_144' title='bbox 501 1530 777 1577; x_wconf 83' lang='lat' dir='ltr'>distantibus:</span> <span class='ocrx_word' id='word_1_145' title='bbox 797 1532 882 1578; x_wconf 85' lang='lat' dir='ltr'>hoc</span> <span class='ocrx_word' id='word_1_146' title='bbox 902 1545 1044 1578; x_wconf 83' lang='lat' dir='ltr'>autem</span> <span class='ocrx_word' id='word_1_147' title='bbox 1065 1549 1118 1578; x_wconf 85' lang='lat' dir='ltr'>ex</span> <span class='ocrx_word' id='word_1_148' title='bbox 1140 1531 1390 1577; x_wconf 83' lang='lat' dir='ltr'>distantibus</span> <span class='ocrx_word' id='word_1_149' title='bbox 1411 1547 1515 1576; x_wconf 86' lang='lat' dir='ltr'>con-</span> 
     </span>
     <span class='ocr_line' id='line_1_20' title="bbox 236 1602 1516 1667; baseline 0.002 -19"><span class='ocrx_word' id='word_1_150' title='bbox 236 1602 328 1650; x_wconf 79' lang='lat' dir='ltr'>stat.</span> <span class='ocrx_word' id='word_1_151' title='bbox 354 1606 490 1664; x_wconf 64' lang='lat' dir='ltr'>Quod</span> <span class='ocrx_word' id='word_1_152' title='bbox 511 1605 776 1667; x_wconf 43' lang='lat' dir='ltr'>interrogati,</span> <span class='ocrx_word' id='word_1_153' title='bbox 811 1606 869 1650; x_wconf 87' lang='lat' dir='ltr'>mi</span> <span class='ocrx_word' id='word_1_154' title='bbox 897 1606 1062 1662; x_wconf 80' lang='lat' dir='ltr'><strong>Lucili,</strong></span> <span class='ocrx_word' id='word_1_155' title='bbox 1089 1606 1280 1651; x_wconf 80' lang='lat' dir='ltr'>eiusdem</span> <span class='ocrx_word' id='word_1_156' title='bbox 1300 1605 1516 1665; x_wconf 81' lang='lat' dir='ltr'>quaestio-</span> 
     </span>
     <span class='ocr_line' id='line_1_21' title="bbox 237 1675 1517 1734; baseline 0 -12"><span class='ocrx_word' id='word_1_157' title='bbox 237 1678 304 1722; x_wconf 78' lang='lat' dir='ltr'>nis</span> <span class='ocrx_word' id='word_1_158' title='bbox 335 1677 393 1723; x_wconf 76' lang='lat' dir='ltr'>est</span> <span class='ocrx_word' id='word_1_159' title='bbox 409 1713 422 1734; x_wconf 91' lang='lat'>,</span> <span class='ocrx_word' id='word_1_160' title='bbox 453 1677 539 1723; x_wconf 89' lang='lat' dir='ltr'>loci</span> <span class='ocrx_word' id='word_1_161' title='bbox 562 1677 736 1723; x_wconf 81' lang='lat' dir='ltr'>alterius</span> <span class='ocrx_word' id='word_1_162' title='bbox 759 1695 768 1722; x_wconf 90' lang='lat'>:</span> <span class='ocrx_word' id='word_1_163' title='bbox 795 1691 838 1722; x_wconf 85' lang='lat' dir='ltr'>et</span> <span class='ocrx_word' id='word_1_164' title='bbox 865 1678 968 1723; x_wconf 84' lang='lat' dir='ltr'>ideo</span> <span class='ocrx_word' id='word_1_165' title='bbox 998 1694 1087 1723; x_wconf 88' lang='lat' dir='ltr'>non</span> <span class='ocrx_word' id='word_1_166' title='bbox 1110 1677 1199 1722; x_wconf 80' lang='lat' dir='ltr'>hoc</span> <span class='ocrx_word' id='word_1_167' title='bbox 1218 1691 1383 1722; x_wconf 83' lang='lat' dir='ltr'>tantum</span> <span class='ocrx_word' id='word_1_168' title='bbox 1407 1712 1420 1732; x_wconf 91' lang='lat'><strong>,</strong></span> <span class='ocrx_word' id='word_1_169' title='bbox 1447 1675 1517 1722; x_wconf 86' lang='lat' dir='ltr'>sed</span> 
     </span>
     <span class='ocr_line' id='line_1_22' title="bbox 237 1747 1517 1812; baseline 0.002 -19"><span class='ocrx_word' id='word_1_170' title='bbox 237 1749 318 1794; x_wconf 81' lang='lat' dir='ltr'>alia</span> <span class='ocrx_word' id='word_1_171' title='bbox 354 1765 535 1811; x_wconf 77' lang='lat' dir='ltr'>quoque</span> <span class='ocrx_word' id='word_1_172' title='bbox 567 1749 725 1795; x_wconf 83' lang='lat' dir='ltr'>eodem</span> <span class='ocrx_word' id='word_1_173' title='bbox 761 1747 1049 1812; x_wconf 72' lang='lat' dir='ltr'>pertinentia,</span> <span class='ocrx_word' id='word_1_174' title='bbox 1080 1747 1336 1794; x_wconf 84' lang='lat' dir='ltr'>distuleram.</span> <span class='ocrx_word' id='word_1_175' title='bbox 1368 1749 1517 1807; x_wconf 76' lang='lat' dir='ltr'>Quae·</span> 
     </span>
     <span class='ocr_line' id='line_1_23' title="bbox 239 1821 1517 1877; baseline 0 -10"><span class='ocrx_word' id='word_1_176' title='bbox 239 1822 338 1867; x_wconf 81' lang='lat' dir='ltr'>dam</span> <span class='ocrx_word' id='word_1_177' title='bbox 377 1821 491 1866; x_wconf 87' lang='lat' dir='ltr'>enim</span> <span class='ocrx_word' id='word_1_178' title='bbox 513 1857 524 1877; x_wconf 90' lang='lat'>,</span> <span class='ocrx_word' id='word_1_179' title='bbox 561 1833 609 1866; x_wconf 88' lang='lat' dir='ltr'>ut</span> <span class='ocrx_word' id='word_1_180' title='bbox 638 1821 747 1877; x_wconf 83' lang='lat' dir='ltr'>scis,</span> <span class='ocrx_word' id='word_1_181' title='bbox 790 1821 1030 1868; x_wconf 77' lang='lat' dir='ltr'>moralibus</span> <span class='ocrx_word' id='word_1_182' title='bbox 1066 1821 1291 1866; x_wconf 78' lang='lat' dir='ltr'>rationalia</span> <span class='ocrx_word' id='word_1_183' title='bbox 1320 1821 1517 1867; x_wconf 72' lang='lat' dir='ltr'>immixta</span> 
     </span>
     <span class='ocr_line' id='line_1_24' title="bbox 238 1893 1512 1956; baseline 0.002 -17"><span class='ocrx_word' id='word_1_184' title='bbox 238 1893 347 1939; x_wconf 84' lang='lat' dir='ltr'>sunt.</span> <span class='ocrx_word' id='word_1_185' title='bbox 366 1897 511 1955; x_wconf 67' lang='lat' dir='ltr'>ltaque</span> <span class='ocrx_word' id='word_1_186' title='bbox 528 1893 642 1939; x_wconf 75' lang='lat' dir='ltr'>illam</span> <span class='ocrx_word' id='word_1_187' title='bbox 661 1909 827 1954; x_wconf 85' lang='lat' dir='ltr'>partem</span> <span class='ocrx_word' id='word_1_188' title='bbox 852 1896 962 1941; x_wconf 61' lang='lat' dir='ltr'>recia</span> <span class='ocrx_word' id='word_1_189' title='bbox 983 1895 1035 1940; x_wconf 87' lang='lat' dir='ltr'>ad</span> <span class='ocrx_word' id='word_1_190' title='bbox 1054 1910 1198 1940; x_wconf 88' lang='lat' dir='ltr'>mores</span> <span class='ocrx_word' id='word_1_191' title='bbox 1220 1894 1512 1956; x_wconf 87' lang='lat' dir='ltr'>pertinentem</span> 
     </span>
     <span class='ocr_line' id='line_1_25' title="bbox 239 1966 1516 2029; baseline 0.001 -17"><span class='ocrx_word' id='word_1_192' title='bbox 239 1966 419 2013; x_wconf 65' lang='lat' dir='ltr'>tractavi</span> <span class='ocrx_word' id='word_1_193' title='bbox 435 2002 447 2021; x_wconf 93' lang='lat'>,</span> <span class='ocrx_word' id='word_1_194' title='bbox 470 1967 693 2029; x_wconf 80' lang='lat' dir='ltr'>Numquid</span> <span class='ocrx_word' id='word_1_195' title='bbox 713 1966 885 2014; x_wconf 84' lang='lat' dir='ltr'>stultum</span> <span class='ocrx_word' id='word_1_196' title='bbox 907 1968 956 2014; x_wconf 81' lang='lat' dir='ltr'>fit</span> <span class='ocrx_word' id='word_1_197' title='bbox 973 1985 1021 2014; x_wconf 85' lang='lat' dir='ltr'>ac</span> <span class='ocrx_word' id='word_1_198' title='bbox 1041 1968 1358 2029; x_wconf 87' lang='lat' dir='ltr'>supervacuum</span> <span class='ocrx_word' id='word_1_199' title='bbox 1375 2003 1389 2024; x_wconf 87' lang='lat'><em>,</em></span> <span class='ocrx_word' id='word_1_200' title='bbox 1406 1967 1516 2013; x_wconf 84' lang='lat' dir='ltr'>ultra</span> 
     </span>
     <span class='ocr_line' id='line_1_26' title="bbox 241 2039 1516 2087; baseline 0 -1"><span class='ocrx_word' id='word_1_201' title='bbox 241 2053 484 2086; x_wconf 80' lang='lat' dir='ltr'>extremum</span> <span class='ocrx_word' id='word_1_202' title='bbox 513 2039 626 2085; x_wconf 85' lang='lat' dir='ltr'>diem</span> <span class='ocrx_word' id='word_1_203' title='bbox 650 2057 771 2087; x_wconf 84' lang='lat' dir='ltr'>curas</span> <span class='ocrx_word' id='word_1_204' title='bbox 797 2040 1097 2086; x_wconf 85' lang='lat' dir='ltr'>transmittere.</span> <span class='ocrx_word' id='word_1_205' title='bbox 1129 2046 1194 2084; x_wconf 83' lang='lat' dir='ltr'>An</span> <span class='ocrx_word' id='word_1_206' title='bbox 1216 2040 1371 2086; x_wconf 87' lang='lat' dir='ltr'>cadant</span> <span class='ocrx_word' id='word_1_207' title='bbox 1400 2039 1516 2086; x_wconf 87' lang='lat' dir='ltr'>bona</span> 
     </span>
     <span class='ocr_line' id='line_1_27' title="bbox 242 2113 1517 2178; baseline -0.001 -17"><span class='ocrx_word' id='word_1_208' title='bbox 242 2113 387 2161; x_wconf 71' lang='lat' dir='ltr'>nostra</span> <span class='ocrx_word' id='word_1_209' title='bbox 409 2114 634 2160; x_wconf 81' lang='lat' dir='ltr'>nobiscum</span> <span class='ocrx_word' id='word_1_210' title='bbox 650 2150 661 2169; x_wconf 93' lang='lat'><em>‚</em></span> <span class='ocrx_word' id='word_1_211' title='bbox 693 2114 889 2177; x_wconf 84' lang='lat' dir='ltr'>nihilque</span> <span class='ocrx_word' id='word_1_212' title='bbox 914 2115 965 2161; x_wconf 84' lang='lat' dir='ltr'>fit</span> <span class='ocrx_word' id='word_1_213' title='bbox 993 2114 1084 2162; x_wconf 86' lang='lat' dir='ltr'>eius</span> <span class='ocrx_word' id='word_1_214' title='bbox 1101 2114 1177 2178; x_wconf 87' lang='lat' dir='ltr'>qui</span> <span class='ocrx_word' id='word_1_215' title='bbox 1196 2114 1331 2161; x_wconf 84' lang='lat' dir='ltr'>nullus</span> <span class='ocrx_word' id='word_1_216' title='bbox 1352 2114 1423 2160; x_wconf 85' lang='lat' dir='ltr'>est.</span> <span class='ocrx_word' id='word_1_217' title='bbox 1450 2118 1517 2160; x_wconf 82' lang='lat' dir='ltr'>An</span> 
     </span>
     <span class='ocr_line' id='line_1_28' title="bbox 245 2186 1514 2250; baseline -0.002 -16"><span class='ocrx_word' id='word_1_218' title='bbox 245 2205 299 2234; x_wconf 77' lang='lat' dir='ltr'>ex</span> <span class='ocrx_word' id='word_1_219' title='bbox 318 2204 372 2233; x_wconf 90' lang='lat' dir='ltr'>eo</span> <span class='ocrx_word' id='word_1_220' title='bbox 392 2224 403 2243; x_wconf 89' lang='lat'>‚</span> <span class='ocrx_word' id='word_1_221' title='bbox 429 2187 552 2248; x_wconf 82' lang='lat' dir='ltr'>quod</span> <span class='ocrx_word' id='word_1_222' title='bbox 577 2204 675 2233; x_wconf 85' lang='lat' dir='ltr'>cum</span> <span class='ocrx_word' id='word_1_223' title='bbox 704 2187 784 2233; x_wconf 82' lang='lat' dir='ltr'>erit</span> <span class='ocrx_word' id='word_1_224' title='bbox 798 2223 810 2244; x_wconf 91' lang='lat'>,</span> <span class='ocrx_word' id='word_1_225' title='bbox 831 2187 988 2233; x_wconf 83' lang='lat' dir='ltr'>sensuri</span> <span class='ocrx_word' id='word_1_226' title='bbox 1009 2204 1099 2233; x_wconf 89' lang='lat' dir='ltr'>non</span> <span class='ocrx_word' id='word_1_227' title='bbox 1117 2186 1270 2243; x_wconf 83' lang='lat' dir='ltr'>fimus,</span> <span class='ocrx_word' id='word_1_228' title='bbox 1287 2201 1514 2250; x_wconf 84' lang='lat' dir='ltr'>antequam</span> 
     </span>
     <span class='ocr_line' id='line_1_29' title="bbox 245 2260 1516 2323; baseline -0.001 -17"><span class='ocrx_word' id='word_1_229' title='bbox 245 2262 401 2323; x_wconf 66' lang='lat' dir='ltr'>aliquis</span> <span class='ocrx_word' id='word_1_230' title='bbox 419 2261 578 2306; x_wconf 66' lang='lat' dir='ltr'>fruetus</span> <span class='ocrx_word' id='word_1_231' title='bbox 597 2260 761 2323; x_wconf 82' lang='lat' dir='ltr'>percipi</span> <span class='ocrx_word' id='word_1_232' title='bbox 780 2273 849 2306; x_wconf 86' lang='lat' dir='ltr'>aut</span> <span class='ocrx_word' id='word_1_233' title='bbox 866 2261 953 2323; x_wconf 84' lang='lat' dir='ltr'>peti</span> <span class='ocrx_word' id='word_1_234' title='bbox 972 2260 1113 2322; x_wconf 85' lang='lat' dir='ltr'>poffit.</span> <span class='ocrx_word' id='word_1_235' title='bbox 1132 2261 1251 2307; x_wconf 79' lang='lat' dir='ltr'>Haec</span> <span class='ocrx_word' id='word_1_236' title='bbox 1261 2272 1403 2307; x_wconf 86' lang='lat' dir='ltr'>autem</span> <span class='ocrx_word' id='word_1_237' title='bbox 1422 2276 1516 2305; x_wconf 89' lang='lat' dir='ltr'>om-</span> 
     </span>
     <span class='ocr_line' id='line_1_30' title="bbox 198 2332 1515 2395; baseline -0.003 -15"><span class='ocrx_word' id='word_1_238' title='bbox 198 2333 201 2337; x_wconf 70' lang='grc'><strong>’</strong></span> <span class='ocrx_word' id='word_1_239' title='bbox 250 2335 318 2380; x_wconf 82' lang='lat' dir='ltr'>nia</span> <span class='ocrx_word' id='word_1_240' title='bbox 344 2335 395 2379; x_wconf 88' lang='lat' dir='ltr'>ad</span> <span class='ocrx_word' id='word_1_241' title='bbox 424 2348 567 2380; x_wconf 85' lang='lat' dir='ltr'>mores</span> <span class='ocrx_word' id='word_1_242' title='bbox 594 2332 783 2394; x_wconf 58' lang='lat' dir='ltr'>spectant</span> <span class='ocrx_word' id='word_1_243' title='bbox 803 2351 814 2379; x_wconf 91' lang='lat'>:</span> <span class='ocrx_word' id='word_1_244' title='bbox 836 2333 979 2395; x_wconf 89' lang='lat' dir='ltr'>itaque</span> <span class='ocrx_word' id='word_1_245' title='bbox 1005 2332 1083 2379; x_wconf 91' lang='lat' dir='ltr'>suo</span> <span class='ocrx_word' id='word_1_246' title='bbox 1108 2332 1211 2378; x_wconf 81' lang='lat' dir='ltr'>loco</span> <span class='ocrx_word' id='word_1_247' title='bbox 1241 2332 1377 2394; x_wconf 75' lang='lat' dir='ltr'>posita</span> <span class='ocrx_word' id='word_1_248' title='bbox 1407 2333 1515 2377; x_wconf 80' lang='lat' dir='ltr'>sunt.</span> 
     </span>
     <span class='ocr_line' id='line_1_31' title="bbox 247 2405 1511 2468; baseline -0.002 -15"><span class='ocrx_word' id='word_1_249' title='bbox 247 2409 304 2453; x_wconf 73' lang='lat' dir='ltr'>At</span> <span class='ocrx_word' id='word_1_250' title='bbox 330 2423 440 2467; x_wconf 87' lang='lat' dir='ltr'>quae</span> <span class='ocrx_word' id='word_1_251' title='bbox 459 2424 482 2452; x_wconf 89' lang='lat' dir='ltr'>a</span> <span class='ocrx_word' id='word_1_252' title='bbox 512 2407 743 2454; x_wconf 67' lang='lat' dir='ltr'>dialefficis</span> <span class='ocrx_word' id='word_1_253' title='bbox 764 2422 916 2454; x_wconf 83' lang='lat' dir='ltr'>contra</span> <span class='ocrx_word' id='word_1_254' title='bbox 944 2408 1056 2453; x_wconf 87' lang='lat' dir='ltr'>hanc</span> <span class='ocrx_word' id='word_1_255' title='bbox 1073 2405 1333 2468; x_wconf 81' lang='lat' dir='ltr'>opinionem</span> <span class='ocrx_word' id='word_1_256' title='bbox 1357 2405 1511 2452; x_wconf 85' lang='lat' dir='ltr'>dicun·</span> 
     </span>
     <span class='ocr_line' id='line_1_32' title="bbox 246 2477 1513 2543; baseline 0.001 -18"><span class='ocrx_word' id='word_1_257' title='bbox 246 2490 345 2535; x_wconf 76' lang='lat' dir='ltr'>tur,</span> <span class='ocrx_word' id='word_1_258' title='bbox 374 2478 630 2543; x_wconf 77' lang='lat' dir='ltr'>segreganda</span> <span class='ocrx_word' id='word_1_259' title='bbox 650 2480 822 2528; x_wconf 76' lang='lat' dir='ltr'>fuerunt</span> <span class='ocrx_word' id='word_1_260' title='bbox 839 2497 850 2527; x_wconf 84' lang='grc'>;</span> <span class='ocrx_word' id='word_1_261' title='bbox 869 2496 912 2527; x_wconf 84' lang='lat' dir='ltr'>et</span> <span class='ocrx_word' id='word_1_262' title='bbox 928 2479 1032 2528; x_wconf 83' lang='lat' dir='ltr'>ideo</span> <span class='ocrx_word' id='word_1_263' title='bbox 1051 2478 1230 2542; x_wconf 85' lang='lat' dir='ltr'>sepofita</span> <span class='ocrx_word' id='word_1_264' title='bbox 1251 2477 1360 2526; x_wconf 84' lang='lat' dir='ltr'>sunt.</span> <span class='ocrx_word' id='word_1_265' title='bbox 1385 2480 1513 2526; x_wconf 82' lang='lat' dir='ltr'>Nunc</span> 
     </span>
    </p>
   </div>
  </div>
 </body>
</html>
