1730 2870
246 119 341 169 ss4
488 98 1298 151 L.ANNAE13ENECAE

245 227 338 270 tur,
372 212 454 260 Sed
480 211 787 258 Callisthenem
817 208 992 256 occidit.
1025 208 1191 256 Omnia
1221 208 1324 256 licet
1352 207 1532 273 antiqua

247 289 409 334 ducum
448 301 693 347 regumque
726 282 926 345 exempla
959 285 1205 340 transierit,
1236 300 1289 329 ex
1321 283 1385 329 his
1421 301 1534 345 quae

246 360 380 416 fecit,
414 357 519 403 nihil
544 370 630 402 tam
659 373 863 420 magnum
894 355 1003 412 erit,
1030 373 1160 419 quam
1192 356 1328 404 scelus
1359 356 1533 402 Callist-

247 434 382 481 henis.
413 431 499 478 Hic
533 429 821 476 Callisthenes
860 429 905 475 in
941 430 1094 487 libris,
1133 430 1290 493 quibus
1329 430 1536 480 destribit

246 503 622 570 quemadmodum
663 503 811 550 Helice
845 503 1054 566 Eurisque
1090 503 1252 549 mersae
1286 503 1407 559 sunt,
1435 505 1536 568 quis

244 579 336 626 illas
373 574 491 622 casus
537 574 583 620 in
616 588 737 620 mare
757 610 770 631 ,
809 574 883 622 vel
921 574 965 619 in
999 574 1091 620 illas
1124 590 1243 620 mare
1275 575 1500 621 immiserit
1520 606 1535 633 ,

246 649 356 696 dicit
381 647 428 694 id
462 647 585 711 quod
624 645 669 692 in
709 646 857 708 priore
896 657 1014 707 parte
1048 646 1213 692 dierum
1250 646 1323 692 est.
1352 636 1535 709 Spiritus

246 723 375 770 intrat
406 734 564 767 terram
597 733 673 781 per
704 719 851 764 oculta
874 717 1124 774 foramina,
1156 718 1535 780 quemadmodum

246 795 439 857 ubique,
473 791 532 837 ita
556 805 600 838 et
627 790 704 836 sub
735 789 854 836 mari.
876 790 1051 836 Deinde
1076 805 1176 836 cum
1211 789 1273 835 est
1295 789 1536 837 obstructus

245 868 318 917 ille
334 882 519 922 trames,
539 878 617 926 per
633 879 764 927 quem
783 864 1062 909 descenderat
1075 899 1089 921 ,
1107 863 1296 909 reditum
1311 880 1454 911 autem
1472 865 1535 910 illi

246 956 409 1004 atergo
441 937 636 985 refistens
662 954 774 1000 aqua
797 935 996 992 abstulit,
1036 937 1122 983 huc
1159 949 1202 982 et
1232 937 1334 984 illuc
1368 935 1534 993 fertur,

246 1032 290 1065 et
320 1014 396 1061 fibi
426 1011 518 1075 ipse
545 1027 783 1057 occurrens
825 1025 984 1056 terram
1023 1009 1262 1056 labefactat.
1302 1011 1408 1057 Ideo
1443 1009 1535 1056 fre-⁵

246 1086 523 1154 quentiffime
542 1083 650 1130 mari
668 1082 867 1146 opposita
882 1095 1096 1129 vexantur
1110 1118 1126 1139 ,
1145 1094 1187 1128 et
1203 1082 1305 1129 inde
1328 1085 1536 1145 Neptuno

248 1163 355 1209 haec
374 1157 579 1220 affignata
600 1156 660 1203 est
681 1155 897 1202 movendi
917 1155 1122 1217 potentia.
1150 1156 1358 1220 Quisquis
1376 1157 1538 1220 primas

243 1236 388 1284 literas
424 1232 612 1278 Graecas
665 1229 843 1287 didicit,
870 1228 948 1276 scit
984 1228 1105 1276 illum
1139 1229 1256 1292 apud
1285 1231 1535 1276 Homerum

249 1307 485 1360 ἐννοσίγαιον
514 1303 683 1351 vocati.

313 1381 484 1427 XXtV.
509 1378 717 1441 Spiritum
746 1373 833 1424 effe
863 1377 989 1424 huius
1016 1377 1116 1424 mali
1153 1377 1349 1435 causam,
1385 1391 1427 1424 et
1449 1378 1538 1440 ipse

213 1506 216 1509 x
248 1454 505 1502 consentio:
533 1453 587 1497 de
628 1451 706 1497 illo
735 1450 996 1512 disputabo,
1030 1453 1265 1515 quomodo
1304 1452 1434 1498 intret
1466 1451 1537 1499 hic·

248 1527 441 1588 spiritus:
460 1536 608 1571 utrum
631 1540 707 1585 per
724 1523 869 1569 tenuia
892 1522 1110 1569 foramina
1127 1560 1139 1581 ,
1161 1541 1242 1570 nec
1260 1524 1399 1570 oculis
1417 1540 1534 1570 com·

252 1599 585 1664 prehensibili33
635 1616 688 1644 an
740 1615 817 1660 per
859 1598 1023 1644 maiora
1070 1615 1121 1645 ac
1179 1599 1455 1661 patentiora:
1493 1609 1538 1646 et

251 1686 395 1720 utrum
425 1673 477 1727 ab
494 1671 614 1728 imo,
644 1687 697 1715 an
733 1669 865 1718 etiam
898 1687 976 1731 per
1003 1670 1167 1717 summa
1185 1684 1408 1719 terrarum.
1436 1674 1537 1723 Hoc

250 1745 503 1793 incredibile
530 1743 606 1790 est.
640 1744 753 1789 Nam
794 1742 836 1788 in
875 1743 1030 1790 nostris
1065 1761 1243 1807 quoque
1275 1744 1539 1807 corporibus

252 1817 362 1865 cutis
398 1816 595 1879 spiritum
614 1814 777 1876 respuit
800 1832 810 1859 ε
832 1831 912 1862 nec
931 1814 992 1861 est
1016 1815 1077 1861 illi
1097 1817 1323 1874 introitus,
1358 1815 1433 1863 nifi
1461 1833 1538 1879 per

253 1905 384 1952 quem
400 1887 607 1934 trabitur:
625 1903 705 1932 nec
726 1885 955 1932 consistere
966 1887 1143 1949 quidem
1160 1905 1181 1933 a
1196 1889 1324 1934 'nobis
1340 1902 1539 1951 receptus

254 1960 427 2025 potest,
460 1960 538 2006 nisi
572 1958 616 2005 in
657 1958 822 2005 laxiore
859 1959 1058 2021 corporis
1101 1974 1236 2022 parte.
1273 1960 1378 2007 Non
1418 1961 1538 2009 enim

251 2038 366 2083 inter
398 2050 560 2081 nervos
593 2031 802 2095 pulpasve
823 2066 836 2091 ,
870 2032 943 2078 sed
965 2032 1009 2077 in
1043 2032 1276 2079 visceribus
1310 2045 1353 2080 et
1388 2034 1541 2096 patulo

252 2105 476 2153 interioris
493 2104 626 2166 partis
654 2102 818 2149 recessu
846 2115 1159 2148 commoratur.
1192 2103 1312 2150 Idem
1342 2103 1397 2150 de
1424 2117 1540 2151 terra

254 2177 458 2241 suspicari
488 2177 618 2234 licet,
653 2175 725 2222 vel
759 2192 816 2221 ex
852 2174 972 2231 hoc,
1018 2174 1140 2237 quod
1172 2188 1318 2222 motus
1352 2191 1444 2222 non
1492 2176 1539 2223 in

254 2253 428 2298 summo
446 2262 586 2296 tetrae
607 2285 620 2307 ,
646 2248 820 2296 circave
843 2247 1007 2294 summa
1034 2247 1120 2306 est,
1155 2247 1226 2294 sed
1255 2248 1397 2295 subter
1422 2264 1464 2296 et
1485 2250 1539 2296 ab

255 2328 363 2373 imo.
386 2324 524 2370 Huius
542 2322 751 2370 indicium
770 2321 855 2379 est,
890 2322 1013 2384 quod
1040 2321 1276 2368 altitudinis
1296 2321 1540 2384 profundae

258 2400 395 2447 maria
415 2398 655 2458 imitantur,
691 2395 825 2444 motis
858 2394 1020 2446 scilicet
1047 2394 1144 2458 his,
1174 2396 1298 2460 supra
1319 2411 1431 2459 quae
1447 2394 1540 2443 fusa
