1730 2870
240 133 334 171 ,μω
504 120 539 162 12
598 78 857 161 munis
916 82 1276 163 §ENECAE

235 226 398 272 Seneca
415 225 459 271 in
475 223 776 272 controversia
791 259 804 280 ‚
823 222 949 271 cuius
967 222 1132 270 summa
1160 224 1248 282 est,
1273 226 1395 289 quod
1411 239 1532 290 pater

237 296 377 343 filium
407 311 450 344 et
482 295 1008 354 novercam‚'inducente
1033 296 1170 344 altero
1201 297 1317 356 filio,
1338 300 1382 345 in
1404 300 1530 346 adul-

237 370 351 417 terio
371 369 665 432 deprehensos
682 367 864 415 occidit.
885 360 989 416 D'uc
1003 404 1016 425 ,
1034 369 1195 433 sequor
1213 388 1224 417 :
1242 371 1393 433 accipe
1417 372 1531 419 hanc

237 441 413 488 senilem
433 458 612 496 manum
627 477 640 499 ‚
659 454 703 488 et
725 456 993 504 quocunque
1008 442 1074 490 vis
1089 444 1308 505 imprime.
1325 447 1378 492 Et
1395 446 1530 507 paulo

234 516 361 579 post:
381 516 593 579 Adspice,
631 516 800 579 inquit,
817 517 939 580 quod
958 516 1034 563 <liu
1064 533 1156 563 non
1173 517 1408 565 credidisti.
1436 521 1532 581 Ego

233 604 345 635 vero
361 624 373 646 ,
398 606 491 635 non
512 590 646 637 video
661 623 674 645 ‚
700 605 793 635 nox
813 588 1044 646 oboritur,
1065 602 1106 636 et
1119 588 1250 637 craffa
1267 590 1423 654 caligo.
1441 592 1532 637 Ha-

235 661 311 708 bet
328 661 434 708 haec
454 660 592 724 figura
613 660 884 710 manifestius
904 661 1082 726 aliquid.
1102 664 1210 729 Non
1229 662 1347 710 enim
1368 663 1533 711 narrari
1559 724 1563 726 v

233 750 303 781 res
317 770 331 794 ‚
361 735 432 783 sed
447 735 516 800 agi
550 734 743 785 videtur.

791 861 964 908 Ibidem.

298 985 416 1031 Nam
445 983 491 1031 in
522 996 668 1032 totum
700 984 869 1043 iurare,
897 985 975 1032 nifi
994 983 1253 1034 ubinecess‘e
1289 985 1378 1044 est,
1404 986 1531 1050 gravi

175 1068 183 1070 ’
233 1057 336 1105 viro
368 1075 523 1121 parum
555 1059 784 1108 convenit.
829 1062 883 1107 Et
904 1059 965 1106 est
991 1076 1015 1104 a
1043 1061 1212 1108 Seneca
1249 1059 1415 1107 dicium
1440 1061 1531 1110 ele-

230 1144 384 1196 ganter
397 1169 417 1192 ,Ἴ
433 1135 537 1181 Non
557 1148 850 1198 patronorum
870 1133 958 1182 hoc
980 1132 1068 1181 effe
1085 1168 1100 1192 ,
1120 1133 1192 1180 sed
1211 1132 1402 1182 testium·

460 1260 636 1307 Plinius
654 1263 760 1307 Nat.
780 1261 886 1328 Hist.
909 1261 979 1306 lib.
997 1274 1032 1309 V
1036 1271 1059 1304 l
1073 1295 1088 1318 ,
1107 1278 1142 1308 c.
1159 1273 1300 1308 XVII.
1328 1248 1334 1258 ¹

296 1382 459 1430 Seneca
486 1383 618 1431 etiam
647 1382 761 1449 apud
784 1401 865 1433 nos
891 1396 1055 1432 tentata
1077 1383 1224 1431 Indiae
1255 1393 1531 1433 commenta·-

229 1457 351 1504 tione
371 1494 384 1514 ‚
411 1472 477 1504 Lx
505 1476 655 1507 amnes
683 1461 774 1507 eius
789 1454 1020 1524 prodidit,
1040 1476 1189 1524 gentes
1219 1460 1534 1526 duodeviginti

230 1543 514 1597 centumque.
537 1536 617 1581 Par
634 1535 763 1582 labor
778 1535 829 1581 fit
849 1546 1026 1582 montes
1042 1550 1315 1583 enumerare.
1442 1527 1445 1528 ⁷

641 1662 740 1722 Cap.
774 1672 916 1718 LIII,
942 1662 1017 1707 lib.
1043 1672 1126 1710 ιΧ.

298 1782 412 1831 Aevi
433 1782 617 1847 pisc1um
648 1785 985 1833 memorandum
1018 1801 1157 1849 nuper
1176 1783 1428 1848 exemplum
1456 1797 1530 1834 ac-'

230 1856 445 1919 cepimus.
466 1859 749 1924 Pausilypum
769 1859 873 1906 villa
891 1858 952 1906 est
971 1858 1240 1922 Campaniae
1251 1894 1271 1915 „
1282 1859 1397 1905 haud
1420 1875 1531 1923 pro-

233 1931 302 1977 cul
324 1931 526 1994 Neapoli.
561 1932 606 1979 in
627 1951 676 1980 ea
699 1934 744 1980 in
775 1933 970 1981 Caesaris
989 1933 1165 1997 piscinis
1179 1951 1203 1980 a
1220 1933 1419 1981 Pollione
1439 1935 1532 1982 Ve-

234 2005 310 2052 dio
332 2006 577 2054 coniechim
607 2007 792 2077 piscem,
820 2008 1132 2072 sexagesimum
1153 2007 1249 2071 post
1269 2024 1429 2054 annum
1450 2024 1531 2054 ex-

233 2078 318 2141 spii
322 2071 405 2127 alse
427 2080 573 2129 scribit
591 2078 795 2130 Annaeus
814 2083 1012 2140 Seneca,
1046 2082 1220 2129 duobus
1240 2081 1333 2129 aliis
1362 2098 1528 2145 aequa-

236 2150 347 2200 libus
366 2151 458 2201 eius
477 2171 533 2202 ex
553 2155 712 2202 eodem
731 2172 890 2220 genene
908 2155 1040 2202 etiam
1060 2168 1165 2203 tunc
1186 2154 1450 2204 viventibus.

491 2291 720 2338 Suetonius
738 2292 917 2349 Tiberio,
947 2309 1034 2353 cap.
1057 2303 1276 2338 LXXIII.

301 2419 466 2469 Seneca
483 2437 586 2469 eum
617 2421 929 2488 (Tiberium)
946 2422 1122 2480 scribit,
1145 2422 1360 2473 intelleeta
1380 2419 1535 2470 defec-·
1572 2418 1577 2424 “
