1730 2870
215 123 310 176 '412
440 111 515 161 *E
566 114 831 161 LIBRIS
888 114 1251 162 SENECAE

211 220 427 269 orationis
443 232 485 268 et
503 221 677 270 nitidae.
691 223 766 270 De
782 221 973 286 Virgilio
981 239 1160 287 quoque
1175 222 1335 270 eodem
1346 220 1390 268 in
1402 220 1512 270 loco

210 294 348 341 verba
364 293 471 340 haec
484 292 613 356 ponit
633 311 643 340 :
665 294 877 357 Virgilius
894 310 1075 358 quoque
1093 294 1239 341 noster
1253 311 1343 340 non
1361 311 1415 340 ex
1428 294 1511 340 alia

209 366 333 412 causa
362 365 495 412 duros
516 365 727 428 quosdam
755 365 930 425 versus,
961 379 1005 415 et
1020 383 1226 414 enormes
1243 403 1258 426 ,
1281 378 1324 414 et
1341 367 1512 430 aliquid

209 437 338 504 supra
357 438 605 486 mensuram
637 439 859 486 trahentes
877 439 1170 504 interposuit,
1189 456 1322 502 quam
1350 455 1398 487 ut
1417 442 1511 486 En-

207 510 366 559 nianus
385 513 574 576 populus
595 513 847 577 agnosceret
871 513 917 559 in
947 530 1072 560 novo
1093 513 1288 561 carmine
1314 514 1511 577 antiqui-

206 585 308 633 tatis
327 582 504 650 aliquid.
540 587 675 632 Addit
702 604 793 634 non
818 587 959 633 multo
979 586 1076 649 post
1096 603 1151 633 ex
1169 587 1334 636 Seneca
1353 604 1365 633 ε
1389 586 1508 647 Qui-

206 657 310 704 dam
331 657 429 704 sunt
447 669 537 704 tam
560 656 709 721 magni
730 657 873 708 sensus
892 660 950 719 Q.
983 658 1141 715 Ennii,
1171 670 1219 705 ut
1234 658 1338 705 licet
1356 657 1508 721 scripti

204 730 289 776 fint
307 730 422 778 inter
437 730 666 786 hircosos,
693 729 858 793 poffint
891 743 1037 777 tamen
1071 730 1184 778 inter
1214 743 1509 794 unguentatos

203 803 394 866 placere.
414 805 468 850 Et
496 821 599 850 cum
622 804 969 866 reprehendisset
986 804 1134 851 versus
1151 821 1267 867 quos
1297 803 1426 866 supra
1451 804 1508 850 de

204 874 414 938 Cethego
443 874 698 937 posuimus,
732 875 825 934 Qui
854 874 1141 933 huiusmodi,
1162 875 1333 938 inquit,
1356 874 1513 922 versus

205 956 378 1000 amant,
397 944 527 992 liceat
555 945 634 991 fibi
652 945 831 992 eosdem
861 945 1066 1009 admirari
1090 957 1133 992 et
1151 945 1339 993 Soterici
1356 946 1508 993 lectos.

204 1017 370 1063 Audias
396 1029 544 1063 tamen
577 1017 920 1064 commemorari
945 1034 995 1064 ac
1019 1016 1175 1064 referri
1209 1019 1348 1079 pauca
1376 1026 1512 1081 quae-1*

203 1089 305 1135 dam
335 1106 447 1152 quae
466 1090 557 1153 ipse
579 1090 699 1136 idem
733 1091 894 1138 Seneca
931 1091 1046 1137 bene
1074 1090 1265 1137 dixerit:
1289 1090 1416 1154 quale
1445 1089 1508 1137 est

202 1157 311 1204 illud
338 1160 460 1221 quod
490 1161 538 1205 in
558 1161 788 1207 hominem
821 1177 1007 1208 avarum
1029 1172 1071 1207 et
1089 1160 1271 1208 avidum
1306 1173 1349 1208 et
1379 1177 1507 1224 pecu·

201 1229 303 1277 niae
335 1231 549 1278 sitientem
577 1232 721 1279 dixit:
750 1233 877 1293 Quid
898 1233 1017 1280 enim
1043 1233 1176 1280 refert
1193 1245 1408 1296 quantum
1427 1235 1506 1281 ha-

202 1302 337 1350 beas?
363 1303 507 1350 multo
525 1304 631 1350 iliud
655 1304 750 1367 plus
766 1304 827 1351 est
840 1305 965 1370 quod
983 1321 1075 1351 non
1090 1304 1234 1352 habes.
1256 1363 1259 1365 Α

437 1430 720 1475 Tertullianus
739 1432 786 1475 de
806 1432 951 1475 anima
966 1465 980 1489 ‚
1011 1448 1101 1492 cap.
1120 1443 1164 1475 X
1168 1443 1226 1477 LI
1228 1443 1271 1478 Ι.

270 1550 421 1598 Multo
448 1550 644 1599 coactius
664 1554 858 1602 Seneca:
886 1551 985 1618 post
1005 1565 1196 1602 mortem
1211 1589 1227 1615 ,
1245 1553 1335 1612 ait,
1352 1553 1506 1602 omnia

200 1622 418 1672 finiuntur
432 1661 447 1684 ‚
470 1626 600 1672 etiam
623 1626 730 1690 ipsa.

415 1759 665 1806 LaHatztius
691 1761 826 1809 divin.
845 1760 939 1828 inst.
959 1762 1028 1809 lib.
1047 1773 1091 1820 Ι,
1113 1779 1201 1823 cap.
1223 1775 1300 1811 IV.

266 1886 474 1932 Annaeus
491 1901 674 1949 quoque
695 1886 881 1943 Seneca,
901 1884 978 1949 qui
997 1902 1051 1932 ex
1064 1886 1277 1934 Romanis
1295 1884 1365 1934 vel
1379 1902 1501 1934 acer-

198 1958 337 2007 rimus
364 1960 537 2008 Stoicus
558 1960 669 2016 fuit,
689 1977 822 2023 quam
843 1960 970 2023 saepe
990 1960 1209 2007 summum
1231 1961 1382 2006 Deum
1402 1978 1500 2008 me·-

198 2032 282 2079 rita
311 2033 438 2080 laude
456 2033 772 2098 prosequitur?
804 2034 918 2079 Nam
935 2050 1038 2079 cum
1059 2033 1112 2080 de
1124 2033 1360 2079 immatura
1376 2050 1500 2080 mor-

198 2115 242 2152 te
260 2104 483 2154 dissereret
499 2142 512 2164 ,
531 2107 638 2152 Non
667 2105 869 2169 intelligis
887 2140 900 2163 ‚
919 2104 1090 2168 inquit,
1117 2105 1423 2152 auctoritatem
1446 2121 1499 2152 ac

198 2177 469 2225 maiestatem
483 2178 637 2226 iudicis
652 2178 715 2225 tui
733 2178 750 2225 ?
772 2178 936 2224 Rector
951 2177 986 2224 is
999 2178 1120 2224 orbis
1135 2191 1348 2224 terrarum
1358 2214 1372 2235 ‚
1387 2194 1497 2225 coe-

198 2250 323 2315 lique
341 2262 383 2298 et
403 2252 590 2299 deorum
622 2250 825 2298 omnium
844 2251 968 2297 Deus
988 2268 999 2296 :
1022 2267 1047 2296 a
1065 2267 1159 2314 quo
1175 2249 1251 2296 ista
1277 2250 1458 2296 numina
1479 2282 1496 2307 ,

198 2340 312 2387 quae
327 2323 490 2388 singula
507 2324 742 2370 adoramus
756 2337 799 2370 et
813 2323 1022 2380 colimus,
1043 2322 1241 2387 suspensa
1258 2323 1365 2370 sunt.
1385 2325 1495 2370 Item

197 2398 247 2446 in
260 2398 669 2449 Exhortationibus:
684 2398 788 2460 Hic,
800 2414 900 2448 cum
916 2397 1059 2462 prima
1070 2397 1351 2447 fundamenta
1365 2396 1497 2449 molis
