<?xml version="1.0" encoding="UTF-8"?>
<!DOCTYPE html PUBLIC "-//W3C//DTD XHTML 1.0 Transitional//EN"
    "http://www.w3.org/TR/xhtml1/DTD/xhtml1-transitional.dtd">
<html xmlns="http://www.w3.org/1999/xhtml" xml:lang="en" lang="en">
 <head>
  <title>
</title>
<meta http-equiv="Content-Type" content="text/html;charset=utf-8" />
  <meta name='ocr-system' content='tesseract 3.04.00' />
  <meta name='ocr-capabilities' content='ocr_page ocr_carea ocr_par ocr_line ocrx_word'/>
</head>
<body>
  <div class='ocr_page' id='page_1' title='image "./lannaeisenecaeph04seneuoft_0348.png"; bbox 0 0 1730 2870; ppageno 0'>
   <div class='ocr_carea' id='block_1_1' title="bbox 259 94 1317 190">
    <p class='ocr_par' dir='ltr' id='par_1_1' title="bbox 259 94 1317 190">
     <span class='ocr_line' id='line_1_1' title="bbox 259 94 1317 190; baseline -0.008 -15"><span class='ocrx_word' id='word_1_1' title='bbox 259 141 352 190; x_wconf 77' lang='lat'>342</span> <span class='ocrx_word' id='word_1_2' title='bbox 486 126 534 172; x_wconf 82' lang='lat' dir='ltr'>L.</span> <span class='ocrx_word' id='word_1_3' title='bbox 595 122 902 169; x_wconf 75' lang='lat' dir='ltr'><strong>ANNAEI</strong></span> <span class='ocrx_word' id='word_1_4' title='bbox 955 94 1317 168; x_wconf 73' lang='lat' dir='ltr'>SENECAE</span> 
     </span>
    </p>
   </div>
   <div class='ocr_carea' id='block_1_2' title="bbox 223 229 1574 2498">
    <p class='ocr_par' dir='ltr' id='par_1_2' title="bbox 223 229 1574 2498">
     <span class='ocr_line' id='line_1_2' title="bbox 255 229 1551 293; baseline -0.001 -13"><span class='ocrx_word' id='word_1_5' title='bbox 255 251 279 281; x_wconf 79' lang='lat' dir='ltr'>a</span> <span class='ocrx_word' id='word_1_6' title='bbox 316 232 445 279; x_wconf 86' lang='lat' dir='ltr'>bonis</span> <span class='ocrx_word' id='word_1_7' title='bbox 484 231 619 278; x_wconf 82' lang='lat' dir='ltr'>artius</span> <span class='ocrx_word' id='word_1_8' title='bbox 642 266 655 288; x_wconf 89' lang='lat'>‚</span> <span class='ocrx_word' id='word_1_9' title='bbox 701 247 831 293; x_wconf 82' lang='lat' dir='ltr'>quam</span> <span class='ocrx_word' id='word_1_10' title='bbox 874 246 898 276; x_wconf 86' lang='lat' dir='ltr'>a</span> <span class='ocrx_word' id='word_1_11' title='bbox 941 229 1316 292; x_wconf 74' lang='lat' dir='ltr'>contemplatione</span> <span class='ocrx_word' id='word_1_12' title='bbox 1359 243 1551 280; x_wconf 71' lang='lat' dir='ltr'>naturae⁰</span> 
     </span>
     <span class='ocr_line' id='line_1_3' title="bbox 256 297 1546 368; baseline -0.002 -15"><span class='ocrx_word' id='word_1_13' title='bbox 256 310 406 368; x_wconf 84' lang='lat' dir='ltr'>Quem</span> <span class='ocrx_word' id='word_1_14' title='bbox 436 306 554 353; x_wconf 89' lang='lat' dir='ltr'>enim</span> <span class='ocrx_word' id='word_1_15' title='bbox 586 321 676 351; x_wconf 90' lang='lat' dir='ltr'>non</span> <span class='ocrx_word' id='word_1_16' title='bbox 706 305 778 351; x_wconf 86' lang='lat' dir='ltr'>bic</span> <span class='ocrx_word' id='word_1_17' title='bbox 807 304 894 366; x_wconf 89' lang='lat' dir='ltr'>ipse</span> <span class='ocrx_word' id='word_1_18' title='bbox 916 303 1038 351; x_wconf 83' lang='lat' dir='ltr'>casus</span> <span class='ocrx_word' id='word_1_19' title='bbox 1064 297 1271 351; x_wconf 83' lang='lat' dir='ltr'>adversus</span> <span class='ocrx_word' id='word_1_20' title='bbox 1289 321 1444 351; x_wconf 86' lang='lat' dir='ltr'>omnes</span> <span class='ocrx_word' id='word_1_21' title='bbox 1469 304 1546 350; x_wconf 81' lang='lat' dir='ltr'>fir-</span> 
     </span>
     <span class='ocr_line' id='line_1_4' title="bbox 257 375 1548 440; baseline -0.002 -13"><span class='ocrx_word' id='word_1_22' title='bbox 257 379 446 428; x_wconf 83' lang='lat' dir='ltr'>maverit</span> <span class='ocrx_word' id='word_1_23' title='bbox 476 391 519 424; x_wconf 86' lang='lat' dir='ltr'>et</span> <span class='ocrx_word' id='word_1_24' title='bbox 550 377 774 427; x_wconf 75' lang='lat' dir='ltr'>erexerit?</span> <span class='ocrx_word' id='word_1_25' title='bbox 800 375 924 436; x_wconf 82' lang='lat' dir='ltr'>Quid</span> <span class='ocrx_word' id='word_1_26' title='bbox 952 375 1013 421; x_wconf 89' lang='lat' dir='ltr'>est</span> <span class='ocrx_word' id='word_1_27' title='bbox 1039 375 1153 421; x_wconf 84' lang='lat' dir='ltr'>enim</span> <span class='ocrx_word' id='word_1_28' title='bbox 1180 393 1256 422; x_wconf 89' lang='lat' dir='ltr'>cur</span> <span class='ocrx_word' id='word_1_29' title='bbox 1286 393 1372 440; x_wconf 83' lang='lat' dir='ltr'>ego</span> <span class='ocrx_word' id='word_1_30' title='bbox 1399 377 1548 424; x_wconf 76' lang='lat' dir='ltr'>homi-</span> 
     </span>
     <span class='ocr_line' id='line_1_5' title="bbox 256 446 1546 512; baseline -0.004 -12"><span class='ocrx_word' id='word_1_31' title='bbox 256 469 359 500; x_wconf 89' lang='lat' dir='ltr'>nem</span> <span class='ocrx_word' id='word_1_32' title='bbox 389 466 461 497; x_wconf 85' lang='lat' dir='ltr'>aut</span> <span class='ocrx_word' id='word_1_33' title='bbox 488 449 655 506; x_wconf 85' lang='lat' dir='ltr'>feram,</span> <span class='ocrx_word' id='word_1_34' title='bbox 690 448 799 512; x_wconf 89' lang='lat' dir='ltr'>quid</span> <span class='ocrx_word' id='word_1_35' title='bbox 825 446 886 494; x_wconf 91' lang='lat' dir='ltr'>est</span> <span class='ocrx_word' id='word_1_36' title='bbox 920 464 1000 494; x_wconf 89' lang='lat' dir='ltr'>cur</span> <span class='ocrx_word' id='word_1_37' title='bbox 1032 447 1222 509; x_wconf 79' lang='lat' dir='ltr'>sagittam</span> <span class='ocrx_word' id='word_1_38' title='bbox 1249 461 1323 495; x_wconf 86' lang='lat' dir='ltr'>aut</span> <span class='ocrx_word' id='word_1_39' title='bbox 1351 450 1546 495; x_wconf 83' lang='lat' dir='ltr'>lanceam</span> 
     </span>
     <span class='ocr_line' id='line_1_6' title="bbox 256 519 1546 583; baseline -0.002 -12"><span class='ocrx_word' id='word_1_40' title='bbox 256 527 473 571; x_wconf 87' lang='lat' dir='ltr'>tremam?</span> <span class='ocrx_word' id='word_1_41' title='bbox 492 522 658 570; x_wconf 86' lang='lat' dir='ltr'>maiora</span> <span class='ocrx_word' id='word_1_42' title='bbox 680 537 750 567; x_wconf 87' lang='lat' dir='ltr'>me</span> <span class='ocrx_word' id='word_1_43' title='bbox 777 520 971 583; x_wconf 86' lang='lat' dir='ltr'>pericula</span> <span class='ocrx_word' id='word_1_44' title='bbox 989 519 1249 582; x_wconf 61' lang='lat' dir='ltr'>exspectant.</span> <span class='ocrx_word' id='word_1_45' title='bbox 1273 522 1546 569; x_wconf 84' lang='lat' dir='ltr'>Fluminibus</span> 
     </span>
     <span class='ocr_line' id='line_1_7' title="bbox 258 592 1544 658; baseline -0.002 -16"><span class='ocrx_word' id='word_1_46' title='bbox 258 608 303 642; x_wconf 89' lang='lat' dir='ltr'>et</span> <span class='ocrx_word' id='word_1_47' title='bbox 317 594 442 642; x_wconf 82' lang='lat' dir='ltr'>terris</span> <span class='ocrx_word' id='word_1_48' title='bbox 456 631 468 650; x_wconf 94' lang='lat'><em>‚</em></span> <span class='ocrx_word' id='word_1_49' title='bbox 491 606 534 641; x_wconf 85' lang='lat' dir='ltr'>et</span> <span class='ocrx_word' id='word_1_50' title='bbox 552 593 720 657; x_wconf 81' lang='lat' dir='ltr'>magnis</span> <span class='ocrx_word' id='word_1_51' title='bbox 741 607 918 639; x_wconf 85' lang='lat' dir='ltr'>naturae</span> <span class='ocrx_word' id='word_1_52' title='bbox 938 592 1134 655; x_wconf 83' lang='lat' dir='ltr'>partibus</span> <span class='ocrx_word' id='word_1_53' title='bbox 1156 594 1356 656; x_wconf 90' lang='lat' dir='ltr'>petimur.</span> <span class='ocrx_word' id='word_1_54' title='bbox 1376 593 1544 658; x_wconf 83' lang='lat' dir='ltr'>Ingenti</span> 
     </span>
     <span class='ocr_line' id='line_1_8' title="bbox 257 666 1548 733; baseline -0.003 -16"><span class='ocrx_word' id='word_1_55' title='bbox 257 669 405 733; x_wconf 81' lang='lat' dir='ltr'>itaque</span> <span class='ocrx_word' id='word_1_56' title='bbox 428 669 579 716; x_wconf 89' lang='lat' dir='ltr'>animo</span> <span class='ocrx_word' id='word_1_57' title='bbox 611 684 734 715; x_wconf 63' lang='lat' dir='ltr'>mors&gt;</span> <span class='ocrx_word' id='word_1_58' title='bbox 764 666 1052 730; x_wconf 87' lang='lat' dir='ltr'>provocanda</span> <span class='ocrx_word' id='word_1_59' title='bbox 1071 666 1157 724; x_wconf 88' lang='lat' dir='ltr'>est,</span> <span class='ocrx_word' id='word_1_60' title='bbox 1177 666 1265 714; x_wconf 90' lang='lat' dir='ltr'>five</span> <span class='ocrx_word' id='word_1_61' title='bbox 1300 683 1380 713; x_wconf 83' lang='lat' dir='ltr'>nos</span> <span class='ocrx_word' id='word_1_62' title='bbox 1404 682 1548 731; x_wconf 85' lang='lat' dir='ltr'>aequo</span> 
     </span>
     <span class='ocr_line' id='line_1_9' title="bbox 257 739 1548 806; baseline -0.004 -18"><span class='ocrx_word' id='word_1_63' title='bbox 257 741 475 806; x_wconf 85' lang='lat' dir='ltr'>vastoque</span> <span class='ocrx_word' id='word_1_64' title='bbox 491 742 658 803; x_wconf 85' lang='lat' dir='ltr'>impetu</span> <span class='ocrx_word' id='word_1_65' title='bbox 679 739 958 803; x_wconf 79' lang='lat' dir='ltr'>aggreditur,</span> <span class='ocrx_word' id='word_1_66' title='bbox 983 739 1073 786; x_wconf 86' lang='lat' dir='ltr'>five</span> <span class='ocrx_word' id='word_1_67' title='bbox 1099 739 1362 803; x_wconf 85' lang='lat' dir='ltr'>quotidiano</span> <span class='ocrx_word' id='word_1_68' title='bbox 1389 752 1432 785; x_wconf 91' lang='lat' dir='ltr'>et</span> <span class='ocrx_word' id='word_1_69' title='bbox 1451 739 1548 785; x_wconf 62' lang='lat' dir='ltr'>vul-2</span> 
     </span>
     <span class='ocr_line' id='line_1_10' title="bbox 259 812 1549 880; baseline -0.003 -18"><span class='ocrx_word' id='word_1_70' title='bbox 259 815 353 880; x_wconf 81' lang='lat' dir='ltr'>gari</span> <span class='ocrx_word' id='word_1_71' title='bbox 384 815 506 862; x_wconf 84' lang='lat' dir='ltr'>exitu</span> <span class='ocrx_word' id='word_1_72' title='bbox 531 832 540 860; x_wconf 92' lang='lat'><strong>:</strong></span> <span class='ocrx_word' id='word_1_73' title='bbox 571 812 838 860; x_wconf 35' lang='lat' dir='ltr'>nihilvrefert</span> <span class='ocrx_word' id='word_1_74' title='bbox 859 829 990 877; x_wconf 87' lang='lat' dir='ltr'>quam</span> <span class='ocrx_word' id='word_1_75' title='bbox 1023 814 1174 860; x_wconf 82' lang='lat' dir='ltr'>minax</span> <span class='ocrx_word' id='word_1_76' title='bbox 1206 813 1382 870; x_wconf 81' lang='lat' dir='ltr'>veniat,</span> <span class='ocrx_word' id='word_1_77' title='bbox 1408 829 1549 875; x_wconf 75' lang='lat' dir='ltr'>quan-</span> 
     </span>
     <span class='ocr_line' id='line_1_11' title="bbox 260 885 1550 953; baseline -0.003 -17"><span class='ocrx_word' id='word_1_78' title='bbox 260 902 443 953; x_wconf 88' lang='lat' dir='ltr'>tumque</span> <span class='ocrx_word' id='word_1_79' title='bbox 462 889 537 945; x_wconf 84' lang='lat' dir='ltr'>fit,</span> <span class='ocrx_word' id='word_1_80' title='bbox 561 888 682 951; x_wconf 83' lang='lat' dir='ltr'>quod</span> <span class='ocrx_word' id='word_1_81' title='bbox 704 887 748 933; x_wconf 87' lang='lat' dir='ltr'>in</span> <span class='ocrx_word' id='word_1_82' title='bbox 769 904 850 935; x_wconf 88' lang='lat' dir='ltr'>nos</span> <span class='ocrx_word' id='word_1_83' title='bbox 872 888 1012 934; x_wconf 86' lang='lat' dir='ltr'>trahat</span> <span class='ocrx_word' id='word_1_84' title='bbox 1032 906 1044 934; x_wconf 75' lang='grc' dir='ltr'><em>τ</em></span> <span class='ocrx_word' id='word_1_85' title='bbox 1076 887 1199 951; x_wconf 91' lang='lat' dir='ltr'>quod</span> <span class='ocrx_word' id='word_1_86' title='bbox 1220 904 1242 933; x_wconf 84' lang='lat' dir='ltr'>a</span> <span class='ocrx_word' id='word_1_87' title='bbox 1263 887 1390 933; x_wconf 87' lang='lat' dir='ltr'>nobis</span> <span class='ocrx_word' id='word_1_88' title='bbox 1416 885 1550 949; x_wconf 85' lang='lat' dir='ltr'>petit,</span> 
     </span>
     <span class='ocr_line' id='line_1_12' title="bbox 261 959 1552 1018; baseline -0.002 -8"><span class='ocrx_word' id='word_1_89' title='bbox 261 964 497 1011; x_wconf 85' lang='lat' dir='ltr'>minimum</span> <span class='ocrx_word' id='word_1_90' title='bbox 522 962 597 1009; x_wconf 86' lang='lat' dir='ltr'>est.</span> <span class='ocrx_word' id='word_1_91' title='bbox 615 963 717 1008; x_wconf 84' lang='lat' dir='ltr'>Hoc</span> <span class='ocrx_word' id='word_1_92' title='bbox 737 961 929 1009; x_wconf 63' lang='lat' dir='ltr'>senectus</span> <span class='ocrx_word' id='word_1_93' title='bbox 946 978 969 1007; x_wconf 90' lang='lat' dir='ltr'>a</span> <span class='ocrx_word' id='word_1_94' title='bbox 991 960 1118 1009; x_wconf 83' lang='lat' dir='ltr'>nobis</span> <span class='ocrx_word' id='word_1_95' title='bbox 1139 960 1331 1008; x_wconf 85' lang='lat' dir='ltr'>ablatura</span> <span class='ocrx_word' id='word_1_96' title='bbox 1358 959 1418 1007; x_wconf 86' lang='lat' dir='ltr'>est</span> <span class='ocrx_word' id='word_1_97' title='bbox 1432 996 1445 1018; x_wconf 89' lang='lat'>,</span> <span class='ocrx_word' id='word_1_98' title='bbox 1465 961 1552 1008; x_wconf 86' lang='lat' dir='ltr'>hoc</span> 
     </span>
     <span class='ocr_line' id='line_1_13' title="bbox 263 1033 1557 1096; baseline -0.002 -15"><span class='ocrx_word' id='word_1_99' title='bbox 263 1034 480 1082; x_wconf 81' lang='lat' dir='ltr'>auriculae</span> <span class='ocrx_word' id='word_1_100' title='bbox 498 1035 653 1087; x_wconf 66' lang='lat' dir='ltr'>dolor,</span> <span class='ocrx_word' id='word_1_101' title='bbox 668 1034 755 1081; x_wconf 86' lang='lat' dir='ltr'>hoc</span> <span class='ocrx_word' id='word_1_102' title='bbox 776 1033 821 1080; x_wconf 93' lang='lat' dir='ltr'>in</span> <span class='ocrx_word' id='word_1_103' title='bbox 842 1034 969 1081; x_wconf 89' lang='lat' dir='ltr'>nobis</span> <span class='ocrx_word' id='word_1_104' title='bbox 989 1034 1187 1081; x_wconf 89' lang='lat' dir='ltr'>humoris</span> <span class='ocrx_word' id='word_1_105' title='bbox 1207 1033 1402 1096; x_wconf 84' lang='lat' dir='ltr'>corrupti</span> <span class='ocrx_word' id='word_1_106' title='bbox 1419 1033 1557 1079; x_wconf 90' lang='lat' dir='ltr'>abun-</span> 
     </span>
     <span class='ocr_line' id='line_1_14' title="bbox 265 1107 1556 1172; baseline 0.001 -17"><span class='ocrx_word' id='word_1_107' title='bbox 265 1108 437 1166; x_wconf 82' lang='lat' dir='ltr'>dantia,</span> <span class='ocrx_word' id='word_1_108' title='bbox 464 1109 552 1154; x_wconf 84' lang='lat' dir='ltr'>hoc</span> <span class='ocrx_word' id='word_1_109' title='bbox 579 1107 704 1154; x_wconf 83' lang='lat' dir='ltr'>cibus</span> <span class='ocrx_word' id='word_1_110' title='bbox 734 1124 888 1170; x_wconf 83' lang='lat' dir='ltr'>parum</span> <span class='ocrx_word' id='word_1_111' title='bbox 913 1108 1158 1172; x_wconf 87' lang='lat' dir='ltr'>obsequens</span> <span class='ocrx_word' id='word_1_112' title='bbox 1187 1107 1437 1163; x_wconf 80' lang='lat' dir='ltr'>stomacho,</span> <span class='ocrx_word' id='word_1_113' title='bbox 1466 1107 1556 1156; x_wconf 81' lang='lat' dir='ltr'>hoe</span> 
     </span>
     <span class='ocr_line' id='line_1_15' title="bbox 266 1181 1556 1249; baseline -0.002 -20"><span class='ocrx_word' id='word_1_114' title='bbox 266 1197 344 1249; x_wconf 84' lang='lat' dir='ltr'>pes</span> <span class='ocrx_word' id='word_1_115' title='bbox 368 1182 529 1230; x_wconf 84' lang='lat' dir='ltr'>leviter</span> <span class='ocrx_word' id='word_1_116' title='bbox 553 1181 760 1229; x_wconf 83' lang='lat' dir='ltr'>offensus.</span> <span class='ocrx_word' id='word_1_117' title='bbox 787 1181 943 1229; x_wconf 65' lang='lat' dir='ltr'>pusilla</span> <span class='ocrx_word' id='word_1_118' title='bbox 974 1199 1042 1230; x_wconf 89' lang='lat' dir='ltr'>res</span> <span class='ocrx_word' id='word_1_119' title='bbox 1072 1183 1132 1229; x_wconf 90' lang='lat' dir='ltr'>est</span> <span class='ocrx_word' id='word_1_120' title='bbox 1155 1182 1350 1230; x_wconf 88' lang='lat' dir='ltr'>hominis</span> <span class='ocrx_word' id='word_1_121' title='bbox 1381 1181 1556 1228; x_wconf 79' lang='lat' dir='ltr'>anima:-</span> 
     </span>
     <span class='ocr_line' id='line_1_16' title="bbox 267 1254 1557 1319; baseline -0.002 -16"><span class='ocrx_word' id='word_1_122' title='bbox 267 1257 342 1303; x_wconf 77' lang='lat' dir='ltr'>sed</span> <span class='ocrx_word' id='word_1_123' title='bbox 371 1255 524 1319; x_wconf 85' lang='lat' dir='ltr'>ingens</span> <span class='ocrx_word' id='word_1_124' title='bbox 544 1271 611 1302; x_wconf 89' lang='lat' dir='ltr'>res</span> <span class='ocrx_word' id='word_1_125' title='bbox 631 1254 691 1302; x_wconf 86' lang='lat' dir='ltr'>est</span> <span class='ocrx_word' id='word_1_126' title='bbox 711 1267 961 1303; x_wconf 83' lang='lat' dir='ltr'>contemtus</span> <span class='ocrx_word' id='word_1_127' title='bbox 989 1255 1172 1303; x_wconf 86' lang='lat' dir='ltr'>animae.</span> <span class='ocrx_word' id='word_1_128' title='bbox 1202 1256 1328 1302; x_wconf 87' lang='lat' dir='ltr'>Hanc</span> <span class='ocrx_word' id='word_1_129' title='bbox 1346 1255 1422 1319; x_wconf 87' lang='lat' dir='ltr'>qui</span> <span class='ocrx_word' id='word_1_130' title='bbox 1443 1271 1557 1302; x_wconf 89' lang='lat' dir='ltr'>con-</span> 
     </span>
     <span class='ocr_line' id='line_1_17' title="bbox 223 1327 1559 1391; baseline -0.001 -15"><span class='ocrx_word' id='word_1_131' title='bbox 223 1381 237 1391; x_wconf 49' lang='lat'><em>,</em></span> <span class='ocrx_word' id='word_1_132' title='bbox 267 1328 461 1376; x_wconf 86' lang='lat' dir='ltr'>temserit</span> <span class='ocrx_word' id='word_1_133' title='bbox 481 1364 495 1385; x_wconf 93' lang='lat'>‚</span> <span class='ocrx_word' id='word_1_134' title='bbox 522 1329 698 1377; x_wconf 85' lang='lat' dir='ltr'>securus</span> <span class='ocrx_word' id='word_1_135' title='bbox 715 1328 883 1375; x_wconf 86' lang='lat' dir='ltr'>videbit</span> <span class='ocrx_word' id='word_1_136' title='bbox 904 1328 1038 1375; x_wconf 87' lang='lat' dir='ltr'>maria</span> <span class='ocrx_word' id='word_1_137' title='bbox 1066 1329 1231 1375; x_wconf 81' lang='lat' dir='ltr'>turbari</span> <span class='ocrx_word' id='word_1_138' title='bbox 1253 1346 1263 1373; x_wconf 90' lang='lat'>:</span> <span class='ocrx_word' id='word_1_139' title='bbox 1287 1327 1453 1375; x_wconf 74' lang='lat' dir='ltr'>etiamsi</span> <span class='ocrx_word' id='word_1_140' title='bbox 1487 1328 1559 1375; x_wconf 82' lang='lat' dir='ltr'>illa</span> 
     </span>
     <span class='ocr_line' id='line_1_18' title="bbox 269 1401 1561 1465; baseline -0.001 -16"><span class='ocrx_word' id='word_1_141' title='bbox 269 1418 426 1449; x_wconf 80' lang='lat' dir='ltr'>omnes</span> <span class='ocrx_word' id='word_1_142' title='bbox 446 1401 734 1449; x_wconf 84' lang='lat' dir='ltr'>excitaverint</span> <span class='ocrx_word' id='word_1_143' title='bbox 753 1402 905 1457; x_wconf 87' lang='lat' dir='ltr'>venti;</span> <span class='ocrx_word' id='word_1_144' title='bbox 934 1401 1096 1450; x_wconf 77' lang='lat' dir='ltr'>etiamsi</span> <span class='ocrx_word' id='word_1_145' title='bbox 1117 1401 1274 1463; x_wconf 87' lang='lat' dir='ltr'>aestus,</span> <span class='ocrx_word' id='word_1_146' title='bbox 1299 1402 1440 1465; x_wconf 84' lang='lat' dir='ltr'>aliqua</span> <span class='ocrx_word' id='word_1_147' title='bbox 1461 1419 1561 1465; x_wconf 87' lang='lat' dir='ltr'>per-</span> 
     </span>
     <span class='ocr_line' id='line_1_19' title="bbox 270 1473 1564 1532; baseline 0 -11"><span class='ocrx_word' id='word_1_148' title='bbox 270 1475 522 1522; x_wconf 75' lang='lat' dir='ltr'>turbatione</span> <span class='ocrx_word' id='word_1_149' title='bbox 540 1474 693 1520; x_wconf 82' lang='lat' dir='ltr'>mundi</span> <span class='ocrx_word' id='word_1_150' title='bbox 709 1509 722 1532; x_wconf 89' lang='lat'>‚</span> <span class='ocrx_word' id='word_1_151' title='bbox 741 1488 886 1520; x_wconf 89' lang='lat' dir='ltr'>totum</span> <span class='ocrx_word' id='word_1_152' title='bbox 906 1474 951 1520; x_wconf 89' lang='lat' dir='ltr'>in</span> <span class='ocrx_word' id='word_1_153' title='bbox 977 1485 1111 1521; x_wconf 88' lang='lat' dir='ltr'>terras</span> <span class='ocrx_word' id='word_1_154' title='bbox 1130 1473 1312 1521; x_wconf 87' lang='lat' dir='ltr'>verterit</span> <span class='ocrx_word' id='word_1_155' title='bbox 1334 1488 1564 1521; x_wconf 68' lang='lat' dir='ltr'>oceanum</span> 
     </span>
     <span class='ocr_line' id='line_1_20' title="bbox 271 1544 1563 1610; baseline -0.005 -14"><span class='ocrx_word' id='word_1_156' title='bbox 271 1550 458 1596; x_wconf 82' lang='lat' dir='ltr'>Securus</span> <span class='ocrx_word' id='word_1_157' title='bbox 481 1547 688 1610; x_wconf 87' lang='lat' dir='ltr'>adspiciet</span> <span class='ocrx_word' id='word_1_158' title='bbox 719 1546 989 1594; x_wconf 87' lang='lat' dir='ltr'>fulminantis</span> <span class='ocrx_word' id='word_1_159' title='bbox 1013 1546 1128 1593; x_wconf 92' lang='lat' dir='ltr'>coeli</span> <span class='ocrx_word' id='word_1_160' title='bbox 1158 1557 1328 1593; x_wconf 78' lang='lat' dir='ltr'>trucem</span> <span class='ocrx_word' id='word_1_161' title='bbox 1349 1557 1390 1592; x_wconf 91' lang='lat' dir='ltr'>et</span> <span class='ocrx_word' id='word_1_162' title='bbox 1416 1544 1563 1592; x_wconf 86' lang='lat' dir='ltr'>horri-</span> 
     </span>
     <span class='ocr_line' id='line_1_21' title="bbox 274 1616 1563 1683; baseline -0.004 -15"><span class='ocrx_word' id='word_1_163' title='bbox 274 1622 377 1669; x_wconf 87' lang='lat' dir='ltr'>dam</span> <span class='ocrx_word' id='word_1_164' title='bbox 397 1620 583 1677; x_wconf 83' lang='lat' dir='ltr'>faciem;</span> <span class='ocrx_word' id='word_1_165' title='bbox 608 1619 832 1683; x_wconf 86' lang='lat' dir='ltr'>frangatur</span> <span class='ocrx_word' id='word_1_166' title='bbox 850 1619 953 1666; x_wconf 86' lang='lat' dir='ltr'>licet</span> <span class='ocrx_word' id='word_1_167' title='bbox 977 1618 1178 1677; x_wconf 84' lang='lat' dir='ltr'>coelum,</span> <span class='ocrx_word' id='word_1_168' title='bbox 1196 1630 1238 1665; x_wconf 88' lang='lat' dir='ltr'>et</span> <span class='ocrx_word' id='word_1_169' title='bbox 1260 1617 1381 1681; x_wconf 85' lang='lat' dir='ltr'>ignes</span> <span class='ocrx_word' id='word_1_170' title='bbox 1401 1616 1500 1664; x_wconf 88' lang='lat' dir='ltr'>suos</span> <span class='ocrx_word' id='word_1_171' title='bbox 1517 1619 1563 1663; x_wconf 89' lang='lat' dir='ltr'>in</span> 
     </span>
     <span class='ocr_line' id='line_1_22' title="bbox 275 1692 1566 1756; baseline -0.003 -13"><span class='ocrx_word' id='word_1_172' title='bbox 275 1696 459 1743; x_wconf 79' lang='lat' dir='ltr'>exitium</span> <span class='ocrx_word' id='word_1_173' title='bbox 489 1696 723 1750; x_wconf 79' lang='lat' dir='ltr'>omnium,</span> <span class='ocrx_word' id='word_1_174' title='bbox 750 1693 795 1740; x_wconf 90' lang='lat' dir='ltr'>in</span> <span class='ocrx_word' id='word_1_175' title='bbox 821 1693 975 1756; x_wconf 88' lang='lat' dir='ltr'>primis</span> <span class='ocrx_word' id='word_1_176' title='bbox 996 1694 1143 1749; x_wconf 87' lang='lat' dir='ltr'>suum,</span> <span class='ocrx_word' id='word_1_177' title='bbox 1171 1692 1359 1741; x_wconf 87' lang='lat' dir='ltr'>misceat.</span> <span class='ocrx_word' id='word_1_178' title='bbox 1382 1693 1566 1740; x_wconf 85' lang='lat' dir='ltr'>Securus</span> 
     </span>
     <span class='ocr_line' id='line_1_23' title="bbox 276 1765 1566 1834; baseline -0.005 -16"><span class='ocrx_word' id='word_1_179' title='bbox 276 1771 486 1834; x_wconf 86' lang='lat' dir='ltr'>adspiciet</span> <span class='ocrx_word' id='word_1_180' title='bbox 505 1771 644 1833; x_wconf 87' lang='lat' dir='ltr'>ruptis</span> <span class='ocrx_word' id='word_1_181' title='bbox 674 1769 969 1832; x_wconf 84' lang='lat' dir='ltr'>compagibus</span> <span class='ocrx_word' id='word_1_182' title='bbox 995 1767 1218 1816; x_wconf 88' lang='lat' dir='ltr'>dehiscens</span> <span class='ocrx_word' id='word_1_183' title='bbox 1238 1767 1395 1814; x_wconf 87' lang='lat' dir='ltr'>solum.</span> <span class='ocrx_word' id='word_1_184' title='bbox 1422 1767 1496 1813; x_wconf 86' lang='lat' dir='ltr'>Illa</span> <span class='ocrx_word' id='word_1_185' title='bbox 1514 1765 1566 1812; x_wconf 91' lang='lat' dir='ltr'>li-</span> 
     </span>
     <span class='ocr_line' id='line_1_24' title="bbox 278 1839 1565 1906; baseline -0.006 -12"><span class='ocrx_word' id='word_1_186' title='bbox 278 1859 348 1894; x_wconf 85' lang='lat' dir='ltr'>cet</span> <span class='ocrx_word' id='word_1_187' title='bbox 372 1844 614 1890; x_wconf 82' lang='lat' dir='ltr'>inferorum</span> <span class='ocrx_word' id='word_1_188' title='bbox 651 1859 784 1906; x_wconf 86' lang='lat' dir='ltr'>regna</span> <span class='ocrx_word' id='word_1_189' title='bbox 820 1853 1096 1906; x_wconf 64' lang='lat' dir='ltr'>retegantur,</span> <span class='ocrx_word' id='word_1_190' title='bbox 1130 1839 1254 1887; x_wconf 83' lang='lat' dir='ltr'>stabit</span> <span class='ocrx_word' id='word_1_191' title='bbox 1287 1839 1414 1902; x_wconf 88' lang='lat' dir='ltr'>super</span> <span class='ocrx_word' id='word_1_192' title='bbox 1449 1839 1565 1886; x_wconf 81' lang='lat' dir='ltr'>illam</span> 
     </span>
     <span class='ocr_line' id='line_1_25' title="bbox 280 1914 1567 1980; baseline -0.005 -13"><span class='ocrx_word' id='word_1_193' title='bbox 280 1919 541 1980; x_wconf 77' lang='lat' dir='ltr'>voraginem</span> <span class='ocrx_word' id='word_1_194' title='bbox 561 1917 829 1979; x_wconf 81' lang='lat' dir='ltr'>intrepidus:</span> <span class='ocrx_word' id='word_1_195' title='bbox 849 1928 892 1963; x_wconf 83' lang='lat' dir='ltr'>et</span> <span class='ocrx_word' id='word_1_196' title='bbox 910 1915 1089 1962; x_wconf 85' lang='lat' dir='ltr'>fortasse</span> <span class='ocrx_word' id='word_1_197' title='bbox 1112 1931 1203 1978; x_wconf 88' lang='lat' dir='ltr'>quo</span> <span class='ocrx_word' id='word_1_198' title='bbox 1231 1914 1362 1961; x_wconf 86' lang='lat' dir='ltr'>debet</span> <span class='ocrx_word' id='word_1_199' title='bbox 1386 1914 1567 1971; x_wconf 81' lang='lat' dir='ltr'>cadere,</span> 
     </span>
     <span class='ocr_line' id='line_1_26' title="bbox 284 1986 1569 2054; baseline -0.005 -14"><span class='ocrx_word' id='word_1_200' title='bbox 284 1991 463 2040; x_wconf 78' lang='lat' dir='ltr'>desiliet.</span> <span class='ocrx_word' id='word_1_201' title='bbox 482 1991 603 2053; x_wconf 73' lang='lat' dir='ltr'>Quid</span> <span class='ocrx_word' id='word_1_202' title='bbox 620 1992 672 2037; x_wconf 89' lang='lat' dir='ltr'>ad</span> <span class='ocrx_word' id='word_1_203' title='bbox 687 2008 780 2049; x_wconf 81' lang='lat' dir='ltr'>me,</span> <span class='ocrx_word' id='word_1_204' title='bbox 802 2006 932 2054; x_wconf 87' lang='lat' dir='ltr'>quam</span> <span class='ocrx_word' id='word_1_205' title='bbox 952 1988 1033 2036; x_wconf 88' lang='lat' dir='ltr'>fint</span> <span class='ocrx_word' id='word_1_206' title='bbox 1051 2005 1204 2053; x_wconf 83' lang='lat' dir='ltr'>magna</span> <span class='ocrx_word' id='word_1_207' title='bbox 1224 1986 1384 2051; x_wconf 83' lang='lat' dir='ltr'>quibus</span> <span class='ocrx_word' id='word_1_208' title='bbox 1401 1987 1569 2050; x_wconf 81' lang='lat' dir='ltr'>pereo?</span> 
     </span>
     <span class='ocr_line' id='line_1_27' title="bbox 285 2063 1573 2131; baseline -0.004 -16"><span class='ocrx_word' id='word_1_209' title='bbox 285 2069 431 2131; x_wconf 82' lang='lat' dir='ltr'>lpsum</span> <span class='ocrx_word' id='word_1_210' title='bbox 453 2068 599 2131; x_wconf 88' lang='lat' dir='ltr'>perire</span> <span class='ocrx_word' id='word_1_211' title='bbox 628 2084 720 2114; x_wconf 88' lang='lat' dir='ltr'>non</span> <span class='ocrx_word' id='word_1_212' title='bbox 753 2067 814 2113; x_wconf 84' lang='lat' dir='ltr'>est</span> <span class='ocrx_word' id='word_1_213' title='bbox 844 2083 1062 2129; x_wconf 82' lang='lat' dir='ltr'>magnum.</span> <span class='ocrx_word' id='word_1_214' title='bbox 1094 2064 1286 2112; x_wconf 87' lang='lat' dir='ltr'>Proinde</span> <span class='ocrx_word' id='word_1_215' title='bbox 1313 2063 1344 2110; x_wconf 88' lang='lat' dir='ltr'><strong>fi</strong></span> <span class='ocrx_word' id='word_1_216' title='bbox 1363 2063 1573 2110; x_wconf 81' lang='lat' dir='ltr'>volumus</span> 
     </span>
     <span class='ocr_line' id='line_1_28' title="bbox 285 2140 1571 2199; baseline -0.008 -7"><span class='ocrx_word' id='word_1_217' title='bbox 285 2143 373 2192; x_wconf 83' lang='lat' dir='ltr'>effe</span> <span class='ocrx_word' id='word_1_218' title='bbox 393 2143 567 2199; x_wconf 87' lang='lat' dir='ltr'>felices,</span> <span class='ocrx_word' id='word_1_219' title='bbox 596 2142 626 2188; x_wconf 87' lang='lat' dir='ltr'>fi</span> <span class='ocrx_word' id='word_1_220' title='bbox 659 2159 740 2190; x_wconf 92' lang='lat' dir='ltr'>nec</span> <span class='ocrx_word' id='word_1_221' title='bbox 757 2140 1018 2198; x_wconf 87' lang='lat' dir='ltr'>hominum,</span> <span class='ocrx_word' id='word_1_222' title='bbox 1047 2156 1128 2186; x_wconf 87' lang='lat' dir='ltr'>nec</span> <span class='ocrx_word' id='word_1_223' title='bbox 1161 2140 1369 2194; x_wconf 86' lang='lat' dir='ltr'>deorum,</span> <span class='ocrx_word' id='word_1_224' title='bbox 1399 2153 1479 2184; x_wconf 82' lang='lat' dir='ltr'>nec</span> <span class='ocrx_word' id='word_1_225' title='bbox 1500 2153 1571 2182; x_wconf 82' lang='lat' dir='ltr'>re·-</span> 
     </span>
     <span class='ocr_line' id='line_1_29' title="bbox 288 2210 1569 2279; baseline -0.01 -12"><span class='ocrx_word' id='word_1_226' title='bbox 288 2238 385 2267; x_wconf 89' lang='lat' dir='ltr'>rum</span> <span class='ocrx_word' id='word_1_227' title='bbox 407 2220 569 2266; x_wconf 85' lang='lat' dir='ltr'>timore</span> <span class='ocrx_word' id='word_1_228' title='bbox 600 2216 776 2275; x_wconf 80' lang='lat' dir='ltr'>vexari,</span> <span class='ocrx_word' id='word_1_229' title='bbox 806 2216 837 2263; x_wconf 85' lang='lat' dir='ltr'><strong>fi</strong></span> <span class='ocrx_word' id='word_1_230' title='bbox 866 2214 1086 2279; x_wconf 86' lang='lat' dir='ltr'>despicere</span> <span class='ocrx_word' id='word_1_231' title='bbox 1113 2213 1337 2260; x_wconf 84' lang='lat' dir='ltr'>fortunam</span> <span class='ocrx_word' id='word_1_232' title='bbox 1360 2210 1569 2272; x_wconf 85' lang='lat' dir='ltr'>superva-</span> 
     </span>
     <span class='ocr_line' id='line_1_30' title="bbox 290 2282 1574 2354; baseline -0.009 -15"><span class='ocrx_word' id='word_1_233' title='bbox 290 2310 372 2341; x_wconf 83' lang='lat' dir='ltr'>cua</span> <span class='ocrx_word' id='word_1_234' title='bbox 408 2291 741 2354; x_wconf 84' lang='lat' dir='ltr'>promittentem</span> <span class='ocrx_word' id='word_1_235' title='bbox 766 2326 779 2347; x_wconf 94' lang='lat'>‚</span> <span class='ocrx_word' id='word_1_236' title='bbox 817 2288 930 2335; x_wconf 87' lang='lat' dir='ltr'>levia</span> <span class='ocrx_word' id='word_1_237' title='bbox 967 2286 1237 2333; x_wconf 85' lang='lat' dir='ltr'>minitantem</span> <span class='ocrx_word' id='word_1_238' title='bbox 1258 2320 1271 2342; x_wconf 92' lang='lat'><strong>‚</strong></span> <span class='ocrx_word' id='word_1_239' title='bbox 1304 2283 1334 2330; x_wconf 83' lang='lat' dir='ltr'><strong>fi</strong></span> <span class='ocrx_word' id='word_1_240' title='bbox 1368 2282 1574 2330; x_wconf 81' lang='lat' dir='ltr'>volumus</span> 
     </span>
     <span class='ocr_line' id='line_1_31' title="bbox 292 2358 1573 2427; baseline -0.009 -17"><span class='ocrx_word' id='word_1_241' title='bbox 292 2364 521 2426; x_wconf 80' lang='lat' dir='ltr'>tranquille</span> <span class='ocrx_word' id='word_1_242' title='bbox 540 2364 721 2427; x_wconf 84' lang='lat' dir='ltr'>degere,</span> <span class='ocrx_word' id='word_1_243' title='bbox 736 2374 777 2410; x_wconf 89' lang='lat' dir='ltr'>et</span> <span class='ocrx_word' id='word_1_244' title='bbox 797 2361 896 2425; x_wconf 85' lang='lat' dir='ltr'>ipfis</span> <span class='ocrx_word' id='word_1_245' title='bbox 918 2360 998 2407; x_wconf 85' lang='lat' dir='ltr'>diis</span> <span class='ocrx_word' id='word_1_246' title='bbox 1016 2360 1069 2406; x_wconf 91' lang='lat' dir='ltr'>de</span> <span class='ocrx_word' id='word_1_247' title='bbox 1089 2358 1290 2405; x_wconf 84' lang='lat' dir='ltr'>felicitate</span> <span class='ocrx_word' id='word_1_248' title='bbox 1310 2369 1573 2403; x_wconf 74' lang='lat' dir='ltr'>controver-</span> 
     </span>
     <span class='ocr_line' id='line_1_32' title="bbox 295 2426 1574 2498; baseline -0.008 -16"><span class='ocrx_word' id='word_1_249' title='bbox 295 2434 399 2482; x_wconf 69' lang='lat' dir='ltr'>siam</span> <span class='ocrx_word' id='word_1_250' title='bbox 420 2433 564 2482; x_wconf 78' lang='lat' dir='ltr'>facere</span> <span class='ocrx_word' id='word_1_251' title='bbox 578 2471 594 2494; x_wconf 84' lang='lat'><em>‚</em></span> <span class='ocrx_word' id='word_1_252' title='bbox 621 2435 766 2482; x_wconf 84' lang='lat' dir='ltr'>anima</span> <span class='ocrx_word' id='word_1_253' title='bbox 784 2434 829 2483; x_wconf 89' lang='lat' dir='ltr'>in</span> <span class='ocrx_word' id='word_1_254' title='bbox 849 2431 1059 2498; x_wconf 81' lang='lat' dir='ltr'>expedito</span> <span class='ocrx_word' id='word_1_255' title='bbox 1082 2430 1142 2480; x_wconf 86' lang='lat' dir='ltr'>est</span> <span class='ocrx_word' id='word_1_256' title='bbox 1159 2429 1372 2479; x_wconf 76' lang='lat' dir='ltr'>habenda.</span> <span class='ocrx_word' id='word_1_257' title='bbox 1396 2427 1499 2475; x_wconf 88' lang='lat' dir='ltr'>Sive</span> <span class='ocrx_word' id='word_1_258' title='bbox 1519 2426 1574 2473; x_wconf 76' lang='lat' dir='ltr'>il-</span> 
     </span>
    </p>
   </div>
  </div>
 </body>
</html>
