1730 2870
240 145 332 192 262,
463 144 513 190 L.
566 143 874 188 ANNAEI
922 142 1286 188 SENECAE

220 257 374 298 ,tunae
391 248 653 311 indulgentia
683 248 908 305 excoluit,
942 249 1156 312 quidquid
1189 250 1313 312 supra
1343 260 1512 299 ceteros

236 322 411 379 extulit,
437 323 600 368 nobilia
626 321 787 384 pariter
814 332 942 384 atque
966 322 1174 370 adornata
1192 358 1204 376 ,
1238 338 1512 386 magnarum-

236 410 322 457 que
344 394 534 456 gentium
554 411 688 457 regna
706 393 1007 456 pessumdabit.

302 469 462 514 XXX.
489 470 595 514 Sunt
613 467 783 525 omnia,
810 477 858 513 ut
876 466 994 525 dixi,
1026 466 1172 513 facilia
1200 479 1372 515 naturae
1393 486 1404 513 ε
1425 469 1512 516 uti—

236 556 323 602 que
347 556 459 602 quae
477 556 502 587 a
530 539 677 602 primo
695 539 836 586 facere
855 537 1101 594 constitum
1122 538 1176 584 ad
1195 555 1304 602 quae
1331 557 1421 587 non
1444 541 1510 587 su-

237 611 354 669 bito,
376 611 450 658 sed
467 629 521 658 ex
541 610 794 658 denuntiato
810 610 945 657 venit.
966 612 1055 655 Iam
1074 623 1218 656 autem
1237 627 1260 657 a
1278 612 1424 673 primo
1442 613 1513 660 die

238 683 418 741 mundi,
447 698 547 729 cum
566 682 610 729 in
630 683 743 729 hunc
763 681 958 728 habitum
981 697 1033 726 ex
1050 680 1233 727 informi
1251 673 1412 730 unitate
1431 683 1515 730 dis-

239 755 436 809 cederet,
457 756 633 818 quando
651 767 953 817 mergerentur
973 766 1166 809 terrena,
1186 754 1409 802 decretum
1427 756 1512 804 est:

238 843 283 875 et
300 845 355 875 ne
377 827 426 874 fit
448 828 717 892 quandoque
741 827 860 874 velut
885 827 929 872 in
955 843 1078 874 novo
1098 843 1260 889 opere,
1290 828 1397 874 dura!
1419 845 1517 875 mo-

239 899 334 946 litio
348 936 362 957 ,
390 899 496 946 olim
515 900 568 946 ad
588 900 693 946 haec
712 898 845 945 maria
865 895 907 944 se
925 910 1141 944 exercent.
1169 898 1213 943 N
1217 915 1275 944 on
1294 898 1416 946 vides
1430 935 1443 958 ,
1469 912 1518 948 ut

240 973 395 1020 flufius
414 972 460 1019 in
488 973 644 1032 litora,
677 988 885 1035 tanquam
904 971 1122 1027 exiturus,
1154 971 1380 1019 incurrat?
1414 973 1519 1022 Non

241 1046 395 1104 vides,
424 1059 474 1092 ut
502 1045 636 1092 aestus
667 1044 774 1091 fines
799 1043 898 1090 suos
925 1043 1134 1102 transeat,
1163 1054 1206 1088 et
1228 1042 1271 1088 in
1296 1042 1522 1105 poffeffio-

242 1135 340 1164 nem
360 1132 569 1165 terrarum
590 1135 709 1165 mare
729 1117 935 1164 inducat?
973 1118 1079 1162 Non
1098 1116 1221 1164 vides
1235 1151 1249 1174 ,
1279 1130 1328 1163 ut
1346 1116 1407 1163 illi.
1425 1134 1522 1179 perq-

242 1204 370 1254 petua
390 1208 492 1238 cum
515 1192 704 1239 claustris
724 1191 807 1236 suis
825 1206 970 1254 pugna
988 1189 1068 1235 fit?
1092 1188 1206 1249 Quis
1225 1205 1361 1250 porro
1379 1189 1523 1248 istinc,

243 1265 360 1308 unde
380 1276 549 1308 tantum
580 1264 816 1310 tumultum
843 1263 990 1320 vides,
1019 1274 1161 1308 metus
1180 1261 1242 1308 est
1261 1279 1284 1308 e
1317 1261 1452 1319 mari,
1477 1273 1522 1308 et

243 1351 406 1399 magno
438 1334 605 1396 impetu
636 1331 963 1393 erumpentibus
992 1330 1168 1378 fluviis?
1199 1333 1409 1387 Ubi-non
1435 1335 1522 1380 hu-

244 1423 417 1453 morem
438 1418 585 1452 natura
611 1403 849 1467 disposuit,
883 1416 930 1450 ut
957 1403 1150 1466 undique
1169 1419 1273 1462 nos,
1308 1421 1408 1455 cum
1433 1421 1522 1451 vo·

244 1478 406 1535 luiffet,
433 1477 609 1540 aggredi
628 1476 798 1539 pofl'et?
817 1474 1038 1530 Mentior,
1065 1475 1142 1521 nisi
1167 1476 1416 1522 eruentibus
1434 1486 1523 1522 ter-.-

245 1568 337 1597 ram
356 1551 520 1596 humor
538 1548 761 1605 occurrit,
792 1559 836 1593 et
857 1548 1030 1609 quoties
1048 1563 1128 1594 uos
1145 1549 1326 1594 avaritia
1347 1563 1419 1594 aut
1443 1549 1523 1596 de*-

245 1623 362 1669 fodit
377 1654 390 1676 ‚
411 1635 483 1668 aut
508 1622 650 1684 aliqua
668 1619 790 1667 causa
809 1632 1035 1682 penetrare
1059 1620 1182 1666 altius
1200 1621 1317 1683 cogit
1330 1656 1343 1678 ,
1363 1638 1523 1668 emen*

246 1697 291 1742 di
309 1696 406 1742 finis
422 1696 537 1742 unda
560 1694 631 1742 est⁴
650 1694 803 1740 Adiice
822 1709 963 1748 nuuc,
992 1695 1115 1756 quod
1133 1694 1344 1741 immanes
1362 1694 1458 1742 sunt
1477 1695 1524 1741 in

246 1769 399 1816 abdito
416 1768 533 1815 lacus
548 1803 562 1825 ,
592 1782 636 1813 et
655 1767 839 1813 multum
862 1766 993 1813 maris
1012 1767 1205 1823 conditi,
1236 1767 1418 1813 multum
1437 1767 1522 1814 flu-

248 1842 414 1887 minum
447 1858 525 1902 per
558 1851 713 1903 operta
742 1839 992 1885 labentium.
1022 1839 1230 1902 Undique
1259 1856 1365 1902 ergo
1398 1853 1524 1887 erunt

248 1915 398 1961 causae
427 1913 627 1970 diiuvio,
649 1926 748 1958 cum
774 1911 878 1958 aliae
905 1928 1041 1974 aquae
1062 1910 1329 1958 subinfluunt
1357 1927 1524 1971 terras,

249 1979 355 2035 aliae
380 1986 717 2044 circumfluunt,
744 2001 855 2049 quae
887 1984 962 2032 diu
996 1984 1213 2032 coercitae
1240 1985 1450 2042 vincent,
1482 1997 1526 2033 et

251 2076 397 2106 amnes
425 2059 626 2107 amnibus
644 2059 846 2121 infigent,
876 2057 1100 2120 paludibus
1119 2057 1272 2122 stagna.
1309 2058 1526 2105 Omnium

249 2150 355 2183 tunc
374 2152 494 2182 mare
514 2151 591 2180 ora
609 2133 799 2178 fontium
816 2131 1037 2194 implebit,
1055 2147 1097 2179 et
1111 2133 1277 2180 maiore
1297 2132 1415 2178 hiatu
1434 2131 1523 2178 sol-v

250 2224 337 2256 vet.
356 2208 746 2268 Quemadmodum
765 2222 953 2268 corpora
972 2206 1115 2252 nostra
1132 2207 1184 2251 ad
1205 2205 1393 2268 egestum
1412 2221 1524 2250 ven-

250 2293 315 2327 ter
340 2280 562 2337 exhaurit,
577 2278 952 2341 quemadmodum
973 2290 1075 2324 eunt
1092 2278 1136 2323 in
1155 2277 1359 2324 sudorem
1378 2277 1494 2323 vires
1511 2294 1524 2322 2

252 2353 310 2399 ita.
326 2353 450 2399 tellus
468 2351 663 2416 liquefiet
680 2387 696 2407 ,
715 2364 757 2399 et
781 2351 872 2398 aliis
891 2350 1022 2397 caufis
1039 2350 1355 2414 quiescentibus
1370 2384 1384 2407 ,
1413 2348 1524 2400 intra

251 2426 321 2484 se,
339 2441 429 2490 quo
447 2439 689 2492 mergatur,
708 2423 928 2476 inveniet:
943 2423 999 2475 fic
1014 2440 1171 2488 magna
1188 2422 1337 2474 omnia
1355 2420 1524 2473 coitura
