1730 2870
399 119 661 167 NATUR.
712 119 1013 179 QUAEST.
1061 119 1182 167 LIB.
1215 120 1263 165 11.
1372 136 1460 183 203

191 227 400 286 cessitate,
427 243 513 289 qua
530 226 763 274 excutitur.
796 227 844 273 Id
875 226 939 274 his
963 226 1138 290 ignibus
1163 226 1318 275 accidit
1343 228 1467 290 quod
1505 241 1509 245 ’

189 300 442 347 arboribus:
460 315 643 361 quarum
665 299 890 345 cacumina
908 299 939 344 fi
960 311 1109 346 tenera
1128 301 1247 357 sunt,
1267 299 1324 345 ita
1343 300 1468 346 deor-

188 374 280 420 sum
309 372 418 419 trahi
458 371 663 434 possunt,
698 384 745 418 ut
776 370 907 418 etiam
940 383 1101 418 terram
1129 372 1371 435 attingant,
1395 372 1469 419 sed

188 463 290 492 cum
309 443 576 507 permiseris,
607 445 652 490 in
671 445 821 492 locum
841 444 963 491 suum
982 445 1186 493 exsilient.
1206 448 1354 509 Itaque
1375 462 1467 492 non

189 519 276 574 est,
299 520 420 582 quod
440 535 540 564 eum
572 517 732 581 spefies
751 517 955 581 cuiusque
974 518 1037 564 rei
1058 518 1254 565 habitum
1273 554 1286 575 ‚
1313 519 1389 581 qui
1408 517 1470 564 illi

190 609 279 638 non
299 610 351 639 ex
374 593 604 639 voluntate
624 590 697 638 est.
717 590 758 636 Si
787 591 934 652 ignem
955 591 1169 653 permittis
1199 592 1260 638 ire
1277 584 1368 655 quo
1389 608 1468 638 ve·-

186 665 237 710 lit
253 700 267 722 ‚
292 665 493 722 coelum,
514 664 559 710 id
591 663 676 720 est,
706 662 905 709 leviffimi
934 662 1143 725 cuiusque
1169 663 1311 709 sedem
1339 679 1466 725 repe-

187 748 248 784 ret
266 755 276 783 :
296 738 371 783 ubi
394 736 454 782 est
482 736 645 797 aliquid
662 771 676 793 ,
699 734 824 798 quod
855 750 955 781 eum
987 733 1123 791 ferat,
1157 748 1199 781 et
1219 735 1272 781 ab
1299 734 1469 797 impetu

189 809 268 856 suo
300 821 493 864 avertat,
523 808 568 854 id
599 824 690 854 non
710 820 859 853 natura
878 843 890 865 ,
908 807 979 853 sed
999 806 1180 855 servitus
1199 808 1290 854 eius
1310 805 1371 853 fit.
1400 818 1409 825 ‘

255 881 409 926 XXV.
427 879 611 935 Dicitis,
630 879 801 940 inquit,
820 879 953 924 nubes
971 878 1132 925 attritas
1149 879 1277 926 edere
1296 879 1440 941 ignem
1455 913 1471 936 ,

187 969 290 999 curn
309 952 389 998 fint
412 951 616 997 humidae
632 987 645 1008 ‚
661 951 801 997 immo
819 951 928 997 udae
949 970 959 998 z
979 952 1213 1014 quomodo
1233 968 1336 1014 ergo
1363 951 1468 1015 pos-

187 1023 284 1070 sunt
302 1024 480 1087 gignere
507 1023 651 1085 ign-em
670 1058 683 1078 ‚
711 1037 846 1085 quern
876 1040 965 1069 non
997 1023 1133 1087 magis
1155 1023 1386 1073 verisimile
1405 1023 1467 1071 est

188 1113 243 1144 ex
262 1097 376 1142 nube
395 1131 408 1151 ‚
446 1112 574 1155 quam
605 1112 658 1142 ex
686 1112 798 1158 aqua
828 1096 1054 1159 generari?

252 1167 425 1214 XXVI.
446 1166 561 1229 Ignis
579 1167 653 1230 qui
669 1167 879 1224 nascitur,
900 1168 1092 1230 primum
1111 1167 1155 1215 in
1175 1167 1359 1216 nubibus
1378 1185 1471 1216 non

186 1238 247 1285 est
266 1255 378 1303 aqua
395 1275 408 1296 ‚
429 1237 500 1284 sed
520 1239 595 1283 aer
615 1238 761 1301 spiffus
775 1275 789 1297 ‚
811 1240 864 1285 ad
882 1240 1142 1302 gignendam
1170 1257 1326 1302 aquam
1345 1258 1471 1303 prae-

187 1323 385 1373 paratus,
414 1310 614 1356 nondum
637 1310 816 1356 inillam
839 1323 1026 1359 mutatus
1045 1348 1059 1369 ,
1092 1311 1164 1359 sed
1195 1312 1282 1358 iam
1303 1329 1469 1374 pronus

188 1398 233 1430 et
251 1399 446 1445 vergens.
479 1384 583 1428 Non
603 1382 664 1428 est
684 1385 807 1447 quod
835 1400 929 1430 eam
949 1384 1164 1431 existimes
1182 1400 1286 1432 tunc
1305 1385 1472 1448 colligi,

186 1457 260 1503 sed
279 1454 458 1502 effundi.
482 1455 620 1502 Simul
639 1468 681 1503 et
707 1456 783 1515 fit,
813 1472 855 1505 et
875 1458 1000 1505 cadit.
1029 1457 1206 1505 Deinde
1226 1457 1255 1503 fi
1286 1457 1471 1504 conces·-

187 1529 284 1575 sero
302 1529 526 1575 humidam
555 1528 641 1577 effe
666 1530 825 1576 nubem
843 1565 856 1587 ,
879 1529 1105 1592 conceptis
1122 1530 1246 1592 aquis
1265 1530 1438 1592 plenam
1456 1547 1469 1577 τ

187 1602 296 1648 nihil
331 1614 477 1649 tamen
513 1601 719 1664 prohibet
738 1638 752 1659 ‚
786 1603 931 1665 ignem
974 1619 1028 1648 ex
1064 1602 1250 1648 humido
1287 1617 1469 1664 quoque

188 1673 348 1731 educi,
380 1674 522 1720 immo
544 1691 598 1721 ex
616 1674 710 1736 ipso
731 1673 884 1738 (quod
901 1675 1035 1738 magis
1053 1672 1247 1736 mireris)
1268 1675 1470 1723 humore.

188 1746 383 1807 Quidam
403 1761 676 1808 negaverunt
691 1777 707 1801 ,
732 1746 775 1792 in
797 1746 943 1810 ignem*
960 1746 1195 1809 quidquam
1224 1746 1346 1807 poffe
1375 1763 1474 1792 mu-

189 1818 291 1880 tari,
315 1817 563 1881 priusquam
585 1831 799 1866 mutatum
818 1818 923 1866 effet
941 1819 988 1865 in
1007 1835 1177 1881 aquam.
1197 1818 1339 1865 Por-est
1359 1835 1470 1882 ergo

191 1891 360 1947 nubes,
392 1890 537 1946 salva,
572 1907 705 1953 quam
741 1892 966 1949 continet,
998 1909 1139 1955 aqua,
1173 1891 1315 1954 ignem
1351 1906 1473 1954 parte

192 1965 335 2026 aliqua
353 1963 418 2010 sui
449 1963 631 2011 reddere
649 1980 660 2009 τ
680 1976 727 2011 ut
749 1964 871 2028 saepe
891 1966 970 2012 alia
988 1981 1086 2028 pars
1106 1965 1206 2027 ligni
1228 1965 1374 2021 arder„
1393 1963 1476 2010 alia

192 2034 328 2080 sudat.
347 2033 444 2080 Nec
463 2033 551 2080 hoc
576 2035 679 2082 dico
697 2071 711 2094 ,
731 2031 829 2082 non*
842 2037 1060 2083 contraria
1077 2036 1188 2083 inter
1207 2035 1247 2082 se
1267 2035 1343 2081 ista
1362 2035 1445 2082 effe
1459 2066 1476 2090 ,

191 2121 236 2155 et
265 2103 450 2154 alterum
487 2107 626 2155 altero
658 2109 848 2171 perimi:
879 2109 952 2156 sed
983 2109 1058 2156 ubi
1094 2110 1311 2157 valentior
1333 2108 1479 2171 ignis,

195 2197 332 2243 quam
367 2182 528 2252 humor
552 2183 633 2237 est,
661 2183 812 2230 vincit.
842 2182 1005 2229 Rursus
1033 2183 1109 2229 ubi
1130 2183 1256 2245 copia
1281 2181 1480 2231 humoris

196 2255 429 2318 exsuperat
447 2288 462 2312 ,
494 2271 598 2303 tunc
617 2257 728 2320 ignis
746 2256 833 2304 fine
852 2258 1006 2304 effeEiu
1037 2256 1111 2304 est.
1134 2260 1280 2320 ltaque
1298 2272 1390 2302 non
1409 2272 1480 2302 ar·-

193 2328 300 2376 dent
328 2330 522 2377 virentia.
555 2330 704 2376 Refert
720 2347 826 2393 ergo
845 2367 858 2387 ‚
880 2344 1088 2393 quantum
1115 2347 1249 2393 aquae
1278 2330 1340 2377 fit.
1373 2329 1478 2375 Exi-

195 2415 282 2464 gua
301 2401 417 2450 enim
444 2418 535 2451 non
559 2403 733 2464 resistit,
767 2402 1008 2468 necignem
1038 2403 1231 2467 impedit.
1264 2400 1433 2464 Quidni
1453 2401 1477 2447 Β
