1730 2870
312 153 403 201 372
536 139 586 185 L.
638 105 938 210 ΑΝΝᾼΕΙ
992 123 1380 188 SENECAE·

309 237 374 283 nis
394 237 581 285 mundus·
595 234 759 281 habeat.
782 237 886 281 Non
908 234 1037 284 semel
1053 241 1264 302 quaedam
1285 242 1398 288 sacra
1414 244 1593 292 tradun-

284 320 289 331 '·
309 325 404 359 tur:
427 311 590 358 Eleusis
610 310 778 367 servat,
810 313 931 373 quod
964 311 1161 359 ostendat
1185 315 1482 364 revisentibus.
1502 322 1592 366 Re-

305 404 403 433 rum
424 399 517 431 nat
517 402 605 442 ra,
623 384 738 431 sacra
758 385 831 431 sua
849 393 938 431 nOn
965 385 1085 433 simul
1117 390 1261 436 tradit.
1298 391 1489 439 Initiatos
1511 410 1591 441 nos

308 459 555 506 credimus:
576 458 620 503 in
641 457 860 505 vestibulo
880 459 969 505 eius
990 460 1226 507 haeremus
1247 463 1318 508 Illa
1335 479 1488 511 arcana
1500 481 1591 512 non

305 531 556 594 promiscue
570 547 649 576 nec
663 529 869 576 omnibus
885 542 1053 592 patent.
1068 532 1244 578 redueta
1262 548 1305 582 et
1324 535 1367 581 in
1382 537 1590 585 interiore

304 605 492 652 sacrario
511 606 648 651 clausa
666 605 774 650 sunt.
797 607 859 650 Ex
877 621 925 667 q
910 605 1035 651 tibus
1055 607 1169 652 aliud
1183 608 1288 654 haec
1308 620 1441 670 aetas,
1473 612 1590 659 aliud

278 679 284 685 “
303 694 416 740 quae
437 677 534 740 post
559 694 641 724 nos
660 677 847 735 subibit,
870 677 1082 739 dispiciet.
1105 681 1300 739 Quando
1319 698 1425 745 ergo
1447 685 1521 730 ista
1544 685 1590 731 in

304 750 504 797 notitiam
536 750 724 796 nostram
757 748 1089 812 perducentur?
1112 753 1260 811 Tarde
1292 770 1449 820 magna
1480 773 1588 819 pro-

303 825 486 871 veniunt
505 861 518 883 ‚
539 825 689 888 utique
718 823 747 869 fi
769 825 895 870 labor
926 824 1071 871 cessat.
1110 825 1156 871 Id
1185 827 1307 889 quod
1335 845 1469 889 unum
1490 843 1590 878 toto

298 897 468 960 agimus
487 899 636 945 auimo
655 931 668 953 ,
695 898 893 944 nondum
915 897 1180 960 perfecimus
1197 935 1209 956 ,
1229 912 1275 944 ut
1295 900 1463 961 pessimi
1481 903 1589 949 effe-

302 987 411 1018 mus.
447 971 602 1019 Adhuc
630 972 681 1033 ‘in
713 971 913 1034 processu
946 971 1052 1019 vitia
1075 972 1184 1018 sunt.
1220 974 1394 1020 Invenit
1422 975 1592 1024 luxuria

301 1045 465 1109 aliquid
497 1038 704 1116 novi,in
740 1046 863 1109 quod
896 1045 1087 1091 insaniat.
1118 1047 1290 1093 Invenit
1317 1047 1590 1111 impudicitia

301 1133 466 1164 novam
488 1118 805 1164 contumeliam
827 1117 917 1164 fibi.
942 1119 1113 1165 Invenit
1137 1120 1385 1168 deliciarum
1403 1122 1587 1170 diffolu-

304 1190 369 1236 tio
389 1203 432 1238 et
459 1192 578 1238 tabes
604 1192 768 1256 aliquid
795 1193 984 1239 tenerius
1017 1193 1274 1257 molliusque
1291 1231 1303 1253 ,
1323 1212 1414 1259 quo
1431 1209 1590 1260 pereat·

282 1266 515 1311 Nondum
545 1267 640 1313 satis
670 1268 805 1313 robur
829 1283 962 1313 omne
982 1267 1262 1330 proiecimus,
1283 1269 1438 1335 Adhuc
1455 1270 1585 1332 quid-

299 1337 407 1400 quid
421 1338 479 1384 est
497 1338 603 1385 boni
625 1340 761 1386 moris
774 1376 786 1397 ‚
803 1339 1110 1402 exstinguimus
1130 1339 1332 1386 laevitate
1344 1353 1385 1386 et
1396 1342 1587 1403 politura

299 1427 555 1474 corporum.
574 1413 811 1460 Muliebres
842 1412 1078 1459 munditias
1104 1414 1434 1468 anteceffim1133
1460 1416 1584 1462 colo-

298 1501 367 1532 res
395 1485 694 1549 meretricios,
728 1483 943 1531 matronis
984 1486 1161 1548 quidem
1194 1501 1283 1531 non
1307 1486 1552 1534 induendos
1569 1523 1584 1546 ,

298 1557 386 1606 viri
417 1558 635 1606 sumimus.
667 1560 845 1605 Tenero
872 1571 914 1606 et
940 1559 1062 1605 molli
1081 1558 1268 1622 ingressu
1289 1559 1585 1621 suspendimus

294 1633 482 1696 gradum
506 1650 516 1678 t
540 1650 628 1678 non
642 1633 938 1689 ambulamus,
958 1630 1584 1680 sedincedimusAExornamtis

296 1704 468 1751 annulis
487 1703 648 1767 digitos
668 1722 679 1750 ε
703 1704 746 1749 in
767 1703 890 1749 omni
919 1703 1104 1749 articulo
1133 1720 1305 1766 gemma
1325 1703 1581 1767 disponitur.

297 1777 517 1838 Quotidie
537 1778 938 1835 comminiscimur,
955 1793 1034 1840 per
1055 1793 1166 1839 quae
1185 1777 1378 1824 virilitati
1403 1776 1477 1824 fiat
1511 1778 1581 1824 in-

295 1849 424 1908 iuria,
445 1863 489 1897 ut
504 1851 754 1898 traducatur
769 1888 781 1908 ,
800 1850 902 1914 quia
927 1867 1015 1895 non
1032 1849 1174 1912 potest
1191 1849 1304 1899 exui.
1320 1849 1444 1898 Alius
1459 1851 1580 1915 gen?-

297 1924 396 1970 talia
416 1924 599 1980 excidit,
620 1925 757 1972 aIius
747 1942 790 1971 1n
805 1925 1067 1971 obscoenam
1088 1938 1253 1986 partem
1282 1924 1370 1971 Iudi
1393 1925 1523 1987 sugit,
1537 1940 1580 1973 et

296 1995 461 2042 locatus
484 1996 536 2041 acl
557 2007 774 2053 mortem,
796 1994 1001 2041 infamiae
1014 2008 1218 2042 armatur
1234 1997 1403 2058 Egenus
1421 1996 1580 2069 etiam,

295 2066 339 2113 in
356 2084 446 2125 quo
466 2069 670 2115 morbum
687 2069 807 2115 suum
827 2079 1049 2124 exerceat,
1072 2067 1189 2131 legit.

364 2142 558 2188 XXXII.
579 2142 776 2195 Miraris,
797 2140 827 2186 s1
862 2141 1058 2187 nondum
1080 2139 1287 2203 sapientia
1303 2156 1436 2187 omne
1466 2156 1578 2203 opus

295 2215 417 2262 situm
449 2216 683 2280 implevit?
713 2216 928 2261 Nondum
963 2225 1054 2260 tota
1083 2215 1124 2261 se
1155 2215 1349 2277 nequitia
1381 2214 1577 2276 protulit.

296 2287 455 2336 Adhuc
480 2288 690 2346 nascitur,
708 2301 750 2336 et
767 2287 867 2335 huic
893 2304 1049 2334 omnes
1068 2304 1248 2350 operam
1280 2285 1576 2333 damus:huic

294 2363 413 2409 oculi
431 2363 586 2420 nostri,
607 2363 708 2410 ‘nuic
725 2379 875 2410 manus
895 2362 1100 2409 serviunt.
1126 2364 1193 2408 Ad
1210 2361 1456 2424 sapientiam
1479 2361 1576 2422 quis

290 2434 491 2482 accedit?
515 2436 611 2500 quis
642 2436 817 2499 dignam
857 2434 1047 2490 iudicat,
1071 2435 1147 2482 nisi
1169 2452 1300 2500 quam
1322 2435 1368 2482 in
1399 2434 1575 2481 transitu
