1730 2870
230 185 291 229 72
465 169 514 216 L.
572 168 865 214 ANNAEI
916 169 1272 218 SENECAE

229 276 359 325 nobis
378 277 503 341 queri
524 276 762 340 poffumus.
797 293 846 324 ea
874 278 1030 341 quibus
1049 279 1291 342 periremus
1305 315 1317 337 ‚
1336 279 1513 328 nolente

232 368 378 398 rerum
404 364 555 398 natura
584 366 628 398 et
654 351 950 398 abscondente
968 387 982 409 ‚
1015 354 1294 415 protulimus.
1326 354 1514 401 Addixi-

230 441 328 471 mus
355 424 547 470 animum
578 423 798 485 voluptati
820 442 830 469 :
850 423 921 471 cui
945 425 1171 487 indulgere
1186 461 1200 482 ‚
1225 425 1395 472 initium
1414 442 1514 472 om-

230 497 353 544 nium
381 497 597 543 malorum
626 494 698 542 est.
717 495 999 544 Tradidimus
1024 498 1255 544 ambitioni
1273 511 1315 545 et
1341 499 1480 546 famae
1499 535 1515 557 ,

227 571 383 619 ceteris
410 587 548 634 aeque
581 571 706 618 vanis
734 583 776 618 et
799 571 1013 619 inanibus.
1044 571 1167 632 Quid
1190 589 1298 636 ergo
1329 590 1446 621 nunc
1471 585 1513 620 te

227 645 389 693 hortor
413 658 461 692 ut
486 645 651 692 facias?
686 645 791 691 nihil
823 647 963 694 novit'
996 663 1075 694 nec
1100 645 1217 693 enim
1246 647 1374 694 novis
1394 647 1516 693 malis

227 719 419 766 remedia
436 732 702 782 quaeruntur
721 737 732 763 ε
751 719 822 766 sed
844 720 929 766 hoc
948 719 1141 782 primum
1156 756 1168 776 ‚
1189 732 1236 766 ut
1259 732 1405 766 tecum
1425 718 1516 782 ipse

229 793 453 856 dispicias,
485 792 592 856 quid
621 792 672 839 fit
707 792 1020 850 necessarium,
1051 793 1156 857 quid
1183 792 1516 856 supervacuum„

226 870 270 914 N
274 867 477 915 eceffaria
494 867 572 913 tibi
592 867 755 931 ubique
775 880 1009 914 occurrent
1027 885 1037 912 :
1055 868 1323 929 supervacua
1341 877 1382 911 et
1402 864 1515 912 sem-

227 957 332 1003 per,
366 953 411 987 et
435 952 535 986 toto
568 939 718 986 animo
749 940 998 1002 quaerenda
1023 939 1132 985 sunt.
1165 940 1269 984 Non
1292 937 1353 985 est
1370 952 1516 983 autem

227 1014 349 1077 quod
367 1026 410 1059 te
440 1012 570 1060 nimis
596 1012 743 1059 laudes
761 1050 774 1069 ,
805 1011 834 1057 fi
855 1013 1136 1060 contemseris
1167 1028 1323 1058 aureos
1349 1011 1484 1058 ἰεξὶοε
1502 1047 1518 1069 ,

226 1101 270 1135 et
289 1105 535 1152 gemmeam
558 1085 862 1150 supelleffllem
883 1104 893 1132 ε
913 1103 1026 1150 quae
1047 1086 1107 1133 est
1125 1086 1243 1133 enim
1261 1085 1402 1132 virtus
1416 1119 1430 1141 ‚
1447 1084 1533 1137 sti-⁴

225 1179 442 1226 pervacua
462 1165 776 1209 contemnere?
804 1172 910 1207 tunc
938 1173 980 1207 te
1004 1160 1218 1208 admirare
1234 1197 1249 1217 ‚
1284 1175 1384 1207 cum
1405 1174 1516 1206 con*

227 1236 421 1283 temseris
451 1234 696 1283 necessaria.
732 1236 838 1281 Non
869 1251 1070 1298 magnam
1103 1251 1195 1280 rem
1227 1233 1362 1288 facis,
1394 1231 1518 1294 quod

227 1309 381 1356 vivere
402 1308 489 1354 fine
509 1307 632 1371 regio
653 1319 860 1370 apparatu
880 1320 1034 1369 potes:
1056 1307 1178 1370 quod
1195 1322 1286 1352 non
1305 1304 1520 1352 desideras

229 1382 455 1429 milliarios
480 1398 633 1444 apros,
663 1398 744 1428 nec
761 1380 928 1444 linguas
962 1380 1441 1443 phoenicopterorum,
1475 1390 1520 1425 et

232 1456 314 1501 alia
340 1467 545 1518 portenta
562 1455 760 1502 luxuriae
778 1488 792 1510 ‚
824 1454 908 1500 iam
943 1465 1038 1500 tota
1067 1453 1271 1500 animalia
1300 1450 1520 1498 fastidien-

228 1527 310 1582 tis,
338 1542 381 1573 et
414 1543 532 1574 certa
563 1526 757 1574 membra
793 1544 846 1573 ex
877 1526 1053 1590 singulis
1079 1525 1290 1590 eligentis.
1319 1527 1450 1571 Tunc
1477 1538 1520 1570 te

230 1598 512 1654 admirabor,
542 1596 573 1642 fi
597 1615 686 1644 non
714 1596 995 1645 contemseris
1022 1597 1153 1644 etiam
1183 1596 1409 1643 sordidum
1441 1612 1518 1657 pa-

229 1687 330 1716 nem
350 1687 359 1715 :
378 1667 408 1715 ss
427 1669 506 1716 tibi
524 1668 779 1731 persuaseris
792 1703 805 1726 ,
825 1669 980 1715 herbas
996 1700 1009 1723 ,
1029 1667 1105 1714 ubi
1127 1666 1296 1714 necesse
1313 1665 1375 1713 est
1389 1698 1403 1721 ‚
1425 1682 1517 1712 non

232 1743 383 1806 pecori
407 1755 574 1790 tantum
590 1778 603 1799 ‚
630 1742 702 1788 sed
723 1741 894 1789 homini
914 1740 1026 1787 nasci
1047 1758 1058 1787 :
1079 1740 1110 1786 s1
1131 1739 1276 1788 scieris
1293 1739 1521 1788 cacumina

234 1818 443 1864 arborum
464 1816 784 1878 explementum
809 1815 896 1861 effe
913 1815 1080 1863 ventris
1098 1850 1111 1871 ,
1133 1814 1176 1860 in
1196 1831 1328 1876 quem
1347 1814 1403 1861 sic
1421 1830 1521 1876 pre-a

235 1890 342 1938 tiosa
369 1889 649 1952 congerimus
667 1924 680 1945 ‚
708 1901 914 1951 tanquam
938 1899 1112 1949 recepta
1143 1886 1402 1937 servantem.
1432 1885 1522 1932 fine

237 1961 414 2008 fastidio
433 1961 678 2023 implendus
709 1959 782 2007 est.
819 1959 942 2019 Quid
972 1959 1088 2005 enim
1110 1958 1164 2004 ad
1193 1976 1283 2005 rem
1306 1959 1523 2021 pertinet,

239 2035 347 2097 quid
381 2035 595 2096 accipiar,
625 2032 873 2095 perditurus
901 2032 1117 2095 quidquid
1145 2030 1398 2094 acceperit?
1429 2032 1523 2078 De-

236 2108 396 2153 leelant
428 2118 470 2152 te
503 2105 730 2167 disposita,
761 2121 871 2168 quae
903 2117 1014 2151 terra
1048 2103 1242 2166 marique
1277 2102 1520 2166 capiuntur..

239 2181 318 2226 alia
336 2196 391 2225 eo
411 2179 598 2242 gratiora
612 2215 626 2237 ,
647 2178 676 2224 fi
706 2178 899 2226 recentia
922 2176 1199 2240 perferuntur
1224 2179 1279 2225 ad
1297 2177 1486 2223 mensam
1509 2195 1521 2223 z

239 2253 339 2307 alia,
360 2253 388 2298 fi
410 2253 481 2298 diu
503 2252 619 2314 pasta
644 2265 685 2298 et
707 2251 857 2300 coac'la
877 2251 1175 2315 pinguescere,
1195 2250 1362 2304 fluunt,
1380 2266 1429 2297 ac
1445 2250 1522 2296 vix

239 2327 426 2389 saginam
458 2327 686 2374 continent
717 2326 849 2374 suam.
876 2325 1081 2372 DeleElat
1115 2337 1158 2371 te
1189 2325 1305 2371 nitor
1325 2324 1483 2370 horum
1506 2354 1523 2377 ,

243 2412 334 2445 arte
369 2397 600 2461 quaefitus.
630 2400 686 2444 At
722 2397 967 2444 mehercule
1004 2395 1080 2441 ista
1113 2394 1278 2442 solicite
1313 2394 1524 2448 scrutata,

242 2474 452 2537 ‘varieque
472 2472 649 2520 condita
663 2507 677 2534 ‚
690 2489 793 2521 cum
816 2471 1022 2521 subierint
1042 2482 1242 2519 ventrem
1255 2503 1270 2530 ,
1290 2484 1375 2516 una
1391 2481 1523 2534 atque
