1730 2870
206 132 304 180 354
471 115 520 161 L.
573 112 872 159 ANNAEI
922 112 1267 161 SENECAE

209 224 264 269 Et
283 232 331 268 ut
351 221 422 267 det
447 220 507 267 eis
526 219 712 282 aliquam
734 219 1097 279 advocationem,
1115 221 1238 285 quod
1258 219 1354 275 fieri
1374 220 1494 269 nullo

206 294 351 342 modo
372 292 515 356 potest
533 309 544 338 z
565 292 673 355 quid
701 292 756 338 de
785 291 850 338 his
875 292 1074 340 Cometis
1104 295 1273 340 dicetur
1290 329 1304 349 ,
1334 294 1408 356 qui
1427 294 1494 340 se-

208 368 279 415 nis
305 366 521 413 mensibus
546 365 873 429 apparuerunt?
910 361 1088 412 Deinde
1109 368 1201 413 duo
1220 367 1381 413 debent
1409 367 1496 414 effe

209 455 360 488 motus
390 439 553 486 eodem
589 438 694 484 loco
719 455 730 484 τ
765 439 872 484 alter
903 438 974 486 ille
1007 438 1184 485 divinus
1210 451 1254 485 et
1278 440 1462 492 affiduus
1481 476 1496 498 ,

210 515 336 562 suum
351 510 438 558 fine
457 510 770 558 intermistione
789 527 997 573 peragens
1010 527 1146 574 opus:
1165 512 1270 557 alter
1286 530 1431 561 novus
1452 525 1498 560 et

209 602 388 643 recens,
415 594 458 630 et
485 583 664 630 turbine
687 583 840 630 illatus.
874 582 1058 630 Neceffe
1080 582 1141 630 est
1172 599 1279 646 ergo
1310 586 1416 631 alter
1436 585 1496 631 al-

210 659 293 706 teri
312 655 635 719 impedimento
662 655 722 703 fit.
755 655 893 719 Atqui
917 655 1080 703 lunaris
1097 655 1168 702 illa
1187 655 1356 711 orbita,
1377 672 1497 704 cete-

208 747 454 793 rorumque
487 730 613 792 supra
638 729 787 776 lunam
819 729 1056 776 meantium
1090 741 1239 776 motus
1269 730 1497 778 irrevoca-

209 805 309 854 bilis
339 803 429 851 est:
454 817 534 851 nec
561 802 738 849 haefitat
769 801 974 865 usquam,
1003 818 1084 849 nec
1107 801 1290 861 refistit‚
1320 819 1402 849 nec
1425 804 1499 851 dat
1528 814 1534 817 “

213 877 345 924 ullam
375 873 502 921 nohis
526 872 817 936 suspicionem
846 874 1040 920 obiectae
1064 873 1142 920 fibi
1162 891 1326 923 morae.
1348 875 1498 922 Fidem

212 967 308 999 non
339 948 497 1005 habet,
525 947 742 994 turbinem
758 981 773 1002 ,
804 946 1165 994 violentiffimum
1195 961 1238 995 et
1268 950 1497 1016 pertur‘ba-

147 1066 149 1068 ,
213 1023 423 1072 Ῑίίῖιηιιιιῃ
444 1019 710 1084 tempestatis
728 1036 864 1082 genus
878 1055 889 1076 ‚
919 1020 961 1065 in
982 1021 1150 1068 medios
1170 1021 1353 1067 fiderum
1375 1021 1500 1068 ordi·

214 1113 293 1143 nes
312 1093 569 1158 pervenire,
595 1105 638 1140 et
659 1092 774 1139 inter
793 1090 993 1154 disposita
1011 1109 1061 1139 ac
1078 1093 1307 1156 tranquilla
1326 1093 1504 1141 versari.

214 1169 459 1216 Credamus
476 1167 620 1230 ignem
636 1165 903 1212 'circumacio
920 1165 1092 1212 turbine
1108 1166 1304 1223 accendi,
1323 1180 1366 1213 et
1381 1167 1499 1215 hunc

215 1242 444 1306 expulsum
462 1241 506 1287 in
527 1241 729 1295 sublime,
749 1239 956 1302 praebere
978 1239 1106 1286 nobis
1128 1239 1389 1303 opinionem
1405 1239 1499 1302 spe·

215 1314 420 1381 ciemque
443 1316 589 1363 sideris
615 1316 745 1379 longi.
781 1317 837 1360 At
860 1329 970 1377 puto
988 1314 1068 1360 tale
1089 1314 1171 1361 effe
1195 1315 1350 1372 debet,
1371 1315 1499 1378 quale

216 1391 279 1449 est
297 1390 340 1437 id
360 1390 481 1453 quod
499 1388 644 1451 ignem
666 1386 812 1434 efficit.
831 1386 1039 1433 Turbinis
1059 1398 1200 1432 autem
1224 1388 1412 1434 rotunda
1433 1386 1500 1432 fa-

215 1466 307 1513 cies
326 1462 400 1511 est.
433 1466 480 1509 in
501 1462 659 1508 eodem
681 1461 798 1507 enim
822 1459 1006 1522 vestigio
1025 1460 1220 1506 versatur
1235 1495 1247 1517 ‚
1267 1475 1309 1506 et
1328 1460 1500 1506 colum-

215 1554 299 1584 nae
333 1536 473 1583 modo
510 1533 845 1597 circumagentis
878 1533 919 1578 se
956 1531 1168 1579 volvitur.
1204 1535 1322 1595 Ergo
1354 1532 1500 1595 ignem

214 1625 399 1672 quoque
431 1608 508 1672 qui
544 1606 729 1654 inclusus
762 1605 851 1659 est,
885 1603 1064 1650 similem
1097 1604 1182 1650 effe
1216 1604 1275 1652 illi
1307 1617 1501 1668 oportet.

216 1682 354 1746 Atqui
393 1697 536 1745 ongus
557 1679 644 1738 est,
670 1691 711 1727 et
734 1679 963 1736 ὀὶεὶεξὶιιε,
987 1677 1256 1742 minimeque
1284 1678 1428 1725 similis
1455 1678 1500 1725 in

217 1758 375 1804 orbem
402 1754 575 1801 coafiio.

285 1832 365 1877 XI.
394 1829 633 1894 Epigenem
655 1827 971 1891 relinquamus,
1004 1838 1046 1873 et
1064 1825 1247 1872 aliorum
1268 1824 1502 1887 opiniones

220 1902 545 1966 persequamur.
588 1902 711 1959 Quas
745 1912 974 1960 antequam
1006 1913 1228 1959 exponere
1257 1896 1462 1959 incipiam
1487 1932 1502 1955 ,

219 1976 328 2024 iilud
354 1973 553 2038 inprimis
582 1973 943 2036 praesumendum
975 1971 1037 2016 est
1055 2004 1067 2025 ‚
1105 1970 1316 2017 cometas
1340 1987 1429 2017 non
1456 1971 1504 2016 in

220 2064 308 2095 una
328 2060 449 2110 parte
472 2045 588 2092 coeli
609 2043 769 2107 adspici
785 2081 796 2101 ,
821 2060 900 2089 nec
921 2044 965 2088 in
998 2041 1204 2105 signifero
1227 2054 1393 2088 tantum
1411 2058 1503 2106 ¹or·

221 2121 277 2167 be
292 2155 305 2177 ,
334 2119 404 2166 sed
437 2131 524 2164 tam
548 2117 592 2162 in
621 2131 722 2163 ortu
742 2132 872 2179 quam
895 2115 939 2161 in
960 2114 1114 2161 occasu
1129 2150 1142 2169 ,
1162 2113 1503 2176 frequentiffime

222 2206 371 2239 tamen
397 2190 511 2238 circa
531 2188 916 2251 Septemtrionem.
943 2189 1100 2232 Forma
1128 2185 1188 2232 eis
1211 2201 1300 2230 non
1327 2185 1386 2231 est
1406 2203 1503 2232 una.

222 2261 444 2321 Quamvis
456 2259 572 2306 enim
592 2260 750 2306 Graeci
773 2258 1017 2305 discrimina
1035 2255 1220 2303 fecerint
1235 2273 1389 2303 eorum
1408 2256 1502 2320 qui-

225 2335 306 2381 bus
324 2333 369 2378 in
388 2348 556 2378 morem
579 2331 734 2376 barbae
754 2329 930 2375 flamma
948 2330 1187 2391 dependet,
1203 2341 1245 2375 et
1258 2345 1410 2375 eorum
1428 2327 1502 2390 qui

225 2405 417 2469 undique
431 2405 544 2453 circa
560 2404 601 2450 se
616 2404 736 2451 velut
751 2420 926 2451 comam
942 2403 1167 2467 spargunt,
1182 2414 1225 2449 et
1240 2418 1394 2450 eorum
1410 2399 1502 2465 qui-
