1730 2870
275 160 337 220 48
516 161 565 208 L.
615 157 908 208 ANNAffl
958 162 1310 211 SENECAE

272 280 440 317 tantum
471 281 703 325 metuunt,
732 280 946 330 quantum
979 284 1143 317 nocent
1168 289 1178 317 ε
1209 288 1288 318 nec
1318 271 1408 317 ullo
1436 284 1550 319 teme-2

270 357 381 404 pore
401 354 571 388 vacant.
591 339 833 403 Trepidant
848 340 969 387 'enim
989 359 1088 388 cum
1109 342 1333 400 fecerunt,
1350 344 1546 398 haerent,

269 415 536 461 conscientia
564 414 679 459 aliud
703 430 829 476 agere
858 431 948 460 non
983 416 1171 477 patitur,
1196 430 1246 462 ac
1271 414 1449 461 subinde
1481 431 1549 460 red

266 487 433 548 spicere
467 487 521 531 ad
551 486 591 531 se
618 485 749 547 cogit.
803 486 893 532 Dat
924 502 1116 547 poenas,
1147 486 1342 549 quisquis
1366 488 1545 548 exspec-

266 571 360 606 tat:
391 558 582 621 quisquis
608 571 751 604 autem
794 558 976 613 meruit,
1003 558 1232 619 exspeciat.
1267 559 1433 605 Tutum
1465 558 1547 602 alid

266 648 353 695 qua
372 648 437 678 res
458 632 503 677 in
529 631 640 677 mala
669 630 939 678 conscientia
959 631 1142 694 praestat
1156 667 1170 689 ‚
1190 630 1304 677 nulla
1331 631 1547 677 securum.

265 718 389 767 putat
433 704 550 750 enim
583 703 650 762 se,
681 703 842 751 etiamsi
894 721 985 749 non
1027 704 1390 767 deprehenditur,
1425 704 1547 765 posse

265 776 567 838 deprehendi:
595 788 637 823 et
671 776 784 822 inter
820 776 999 823 somnos
1033 793 1267 834 movetur,
1305 789 1346 822 et
1374 776 1546 839 quoties

266 848 448 896 alicuius
474 850 608 896 scelus
627 850 853 912 loquitur,
871 851 925 897 de
950 849 1030 895 suo
1053 849 1229 912 cogitat.
1247 850 1352 895 Non
1372 850 1467 894 satis
1485 848 1546 894 illi

265 918 544 967 obliteratum
571 921 772 978 videtur,
800 938 892 967 non
923 921 1021 968 satis
1048 922 1222 968 tectum.
1256 922 1437 967 Nocens
1464 921 1544 965 ha-‘ss

263 990 361 1039 buit
374 993 612 1056 aliquando
629 989 793 1039 latendi
810 992 1061 1040 fortunam:
1083 1010 1306 1056 nunquam
1324 991 1544 1039 fiduciam‘

551 1125 1023 1171 EPISTOLA
1106 1125 1258 1171 CVI.

269 1255 422 1302 Tenuis
445 1253 486 1301 ὃ
507 1253 774 1316 Chrysippam
796 1256 988 1321 quaestio,
1017 1257 1095 1302 An
1118 1250 1354 1317 Bonumfit
1370 1253 1543 1317 corpus?

474 1328 529 1370 In
549 1342 725 1371 extremo
742 1326 906 1386 aliquid
921 1341 1062 1371 contra
1082 1329 1287 1387 argutias.

266 1431 374 1549 T
392 1511 425 1544 A
443 1508 630 1545 RDIUS
657 1494 847 1545 rescribo
876 1498 930 1544 ad
958 1496 1158 1560 epistolas
1184 1511 1290 1546 tuas.
1324 1515 1414 1546 non
1437 1499 1538 1562 quia

259 1572 475 1619 districtus
506 1570 870 1633 occupationibus
905 1572 995 1617 sum
1030 1588 1042 1618 ε
1077 1573 1185 1619 hanc
1217 1571 1538 1618 excusationem

258 1663 368 1693 cave
406 1645 551 1692 audias
577 1661 588 1690 τ
615 1661 728 1691 vaco
745 1675 758 1698 ‚
790 1658 833 1689 et
864 1659 1020 1691 omnes
1046 1644 1118 1707 qui
1152 1645 1338 1701 volunt,
1363 1655 1540 1689 vacant.

256 1720 491 1765 Neminem
518 1734 585 1764 res
608 1717 846 1780 sequuntur
869 1733 879 1762 :
915 1717 993 1780 ipfi
1022 1717 1111 1764 illas
1137 1718 1434 1780 amplexantur
1451 1752 1463 1772 ‚
1495 1730 1539 1763 et

258 1802 563 1854 argumentum
606 1790 689 1835 effe
728 1788 947 1836 felicitatis
991 1789 1329 1852 occupationem
1369 1804 1537 1851 putant.

259 1863 383 1924 Quid
401 1880 507 1926 ergo
527 1862 632 1917 fuit,
646 1879 780 1924 quare
803 1878 891 1907 non
911 1862 1111 1924 protinus
1130 1862 1407 1909 rescriberem
1430 1863 1536 1918 tibi,

258 1939 313 1985 de
345 1954 436 2002 quo
467 1936 739 2001 quaerebas?
779 1935 993 1982 Veniebat
1020 1937 1064 1982 in
1095 1947 1351 1987 contextum
1387 1936 1535 1997 operis

257 2013 347 2059 mei
378 2029 390 2058 ε
421 2011 499 2058 scis
535 2010 652 2058 enirn
685 2027 756 2056 me
792 2010 1022 2056 mortalem
1063 2007 1386 2071 philosophiam
1423 2009 1535 2054 velle

258 2083 522 2144 complecti,
545 2097 588 2130 et
613 2100 765 2130 omnes
789 2084 841 2128 ad
862 2100 955 2129 eam
977 2083 1236 2144 pertinentes
1262 2081 1536 2145 quaestiones

257 2153 488 2216 explicare.
526 2155 672 2216 ltaque
705 2153 900 2200 dubitavi
932 2166 1074 2199 utrum
1105 2152 1326 2199 differrem
1357 2167 1424 2208 te,
1453 2170 1533 2208 an,

256 2226 401 2273 donec
435 2226 533 2273 suus
559 2226 625 2272 isti
650 2227 712 2272 rei
740 2226 909 2285 veniret
940 2226 1087 2283 locus,
1113 2225 1178 2272 ius
1205 2225 1283 2271 tibi
1311 2241 1429 2272 extra
1456 2241 1535 2271 or·

256 2299 407 2345 dinem
434 2299 622 2347 dicerem
643 2316 654 2344 z
677 2298 908 2345 humanius
930 2299 1071 2345 visum
1093 2297 1168 2354 est,
1193 2310 1281 2343 tam
1302 2297 1432 2358 longe
1455 2313 1534 2343 veaa

256 2371 449 2418 nientem
480 2388 570 2418 non
594 2370 797 2418 detine-re.
825 2373 973 2430 Itaque
998 2383 1040 2418 et
1058 2371 1144 2416 hoc
1171 2387 1226 2416 ex
1245 2369 1313 2416 illa
1332 2367 1435 2414 serie
1456 2385 1530 2415 re-

255 2460 355 2493 rum
397 2444 726 2497 cohaerentium
755 2460 1017 2509 excerpam,
1049 2457 1093 2492 et
1120 2442 1150 2490 fi
1176 2460 1262 2507 qua
1294 2455 1420 2490 erunt
1448 2441 1533 2488 hun
