1730 2870
589 177 1168 226 EPISTOLAE.
1460 195 1513 227 n

245 281 347 328 licet
365 280 409 328 in
431 279 648 346 integrum
679 283 854 331 restitui.
887 283 1206 339 Restituamur,
1231 297 1276 331 ut
1307 285 1519 348 poffimfis

248 355 425 402 dolores
446 389 458 411 ‚
483 371 750 419 quocunque
777 358 916 403 modo
947 374 1109 419 corpus
1128 357 1391 413 invaserint,
1415 375 1518 419 per-

248 426 384 483 ferre,
410 440 453 474 et
478 428 678 476 fortunae
701 429 848 478 dicere
880 447 891 475 :
922 431 1038 476 Cum
1071 430 1170 480 viro
1190 430 1268 476 tibi
1289 432 1518 493 negotium

245 499 330 554 est,
360 518 517 563 quaere
539 519 672 565 quem
693 502 852 551 vincas.
883 502 962 549 His
985 502 1256 550 sermonibus
1274 539 1288 561 ‚
1315 517 1358 551 et
1376 504 1442 551 his
1459 505 1516 550 fi-

246 572 444 628 milibus‚
477 573 634 621 lenitur
654 574 725 620 illa
745 574 814 622 vis
840 575 1025 622 ulceris:
1056 582 1186 637 quani
1216 589 1327 639 opto
1347 578 1520 623 meher-

244 647 358 693 cules
388 648 601 710 mitigari‚
628 662 670 693 et
690 660 763 694 aut
783 647 917 693 sanari
937 682 950 704 ,
975 665 1048 694 aut
1073 648 1206 703 stare,
1241 661 1283 695 et
1304 666 1401 695 cum
1422 650 1517 711 ipso

244 717 473 766 senescere.
491 718 574 764 Sed
593 718 768 765 securus
785 719 838 765 de
867 719 961 781 ipso
985 718 1091 766 sum.
1112 720 1165 765 de
1184 719 1337 765 nostro
1352 720 1519 765 damno

243 791 386 853 agitur
399 828 412 849 ‚
430 791 587 854 quibus
611 790 736 837 senex
755 791 955 855 egregius
975 791 1169 854 eripitur.
1207 793 1320 838 Nam
1338 792 1426 855 ipse
1446 792 1520 839 vi-

243 877 311 910 tae
340 864 488 926 plenus
513 863 602 921 est,
630 865 699 910 cui
729 865 860 911 adiici
888 864 996 910 nibilv
1027 866 1236 911 desiderat
1264 865 1334 911 sua
1361 865 1520 920 causa,

242 937 313 983 sed
337 955 489 984 eor-um
523 938 679 999 quibus
711 938 823 985 utilis
854 938 928 985 est.
954 938 1212 985 Liberaliter
1229 939 1359 996 facit,
1392 940 1517 1002 quod

241 1010 370 1057 vivit.
397 1011 517 1056 Alius
534 1011 616 1055 iam
639 1011 719 1057 hos
742 1011 954 1058 cruciatus
984 1010 1162 1057 finisset:
1186 1012 1362 1059 biotam
1391 1027 1522 1075 turpe-

241 1096 365 1143 putat
387 1078 575 1128 mortem
602 1081 778 1145 fugere,
805 1100 937 1146 quam
967 1083 1018 1128 ael
1047 1097 1234 1129 mortem
1264 1084 1518 1147 confugere.

241 1154 362 1213 Quid
399 1153 539 1217 ergo?
578 1171 698 1212 non,
729 1154 758 1199 fi
793 1154 984 1201 suadebit
1019 1172 1112 1211 res,
1144 1155 1308 1201 exibit?
1348 1156 1520 1216 Quidni·

239 1226 399 1273 exeat?
427 1227 455 1270 fi
486 1243 620 1272 nemo
648 1226 732 1272 iam
767 1243 822 1274 eo
853 1227 914 1272 uri
947 1227 1139 1288 poterit?
1175 1227 1204 1272 si
1235 1227 1337 1273 nihil
1367 1228 1520 1286 aliud,

238 1317 368 1362 quam
400 1299 547 1346 dolori
584 1315 765 1360 operam
808 1299 958 1345 dabit?
986 1301 1089 1346 Hoc
1124 1301 1209 1358 est,
1245 1301 1305 1347 mi
1344 1302 1517 1358 Lucili,

238 1371 565 1435 philosophiam
581 1372 625 1416 in
640 1388 774 1433 opere
793 1372 975 1429 discere,
995 1385 1037 1418 et
1057 1373 1108 1418 ad
1129 1390 1281 1420 verum
1300 1374 1489 1421 exerceri
1503 1394 1519 1422 :2

238 1446 388 1492 videre
406 1445 512 1508 quid
532 1445 671 1491 homo
689 1445 878 1507 prudens
895 1445 1030 1490 animi
1050 1445 1204 1492 habeat
1224 1458 1377 1492 contra
1395 1464 1517 1494 mor-

179 1574 181 1577 .
237 1531 325 1565 tem
341 1554 353 1575 ‚
373 1530 525 1565 contra
552 1518 753 1564 dolorem
774 1535 784 1563 :
808 1534 908 1564 cum
932 1517 1000 1562 illa
1022 1516 1225 1576 accedat,
1246 1518 1317 1564 hic
1338 1533 1519 1580 prema&

238 1592 362 1651 Quid
378 1590 624 1637 faciendum
647 1590 696 1636 fit
710 1625 723 1647 ‚
742 1608 764 1637 a
784 1589 970 1637 faciente
992 1591 1247 1637 discendum
1266 1579 1340 1637 es't.
1358 1592 1516 1640 Adhuc

237 1664 500 1727 argumentis
517 1665 657 1710 aflum
676 1662 736 1710 est
750 1699 763 1720 ‚
786 1680 839 1709 an
863 1664 993 1726 possit
1016 1663 1170 1725 aliquis
1188 1662 1331 1710 dolori
1352 1664 1517 1711 resiste-

238 1754 307 1793 re,
328 1752 381 1780 an
403 1751 522 1780 mors
552 1750 736 1796 magnos
752 1751 934 1796 quoque
955 1733 1124 1779 animos
1143 1735 1319 1780 admota
1341 1735 1519 1783 submit-

237 1822 344 1855 tere.
377 1807 500 1866 Quid
521 1822 632 1867 opus
661 1805 720 1852 est
748 1806 924 1852 verbis?
956 1807 999 1851 in
1032 1823 1124 1852 rem
1149 1808 1414 1869 praesentem
1441 1825 1516 1855 εει

237 1898 346 1928 nius.
380 1897 461 1927 nec
493 1897 614 1926 mors
646 1879 769 1926 illum
803 1893 955 1926 contra
991 1880 1192 1927 dolorem
1223 1881 1324 1929 facit
1354 1881 1515 1930 fortio-

237 1971 353 2011 rem,
389 1971 468 2000 nec
499 1952 631 1999 dolor
662 1966 815 1999 contra
857 1966 1058 1998 mortem.
1091 1966 1243 1999 contra
1281 1966 1514 2017 utrumque

238 2026 314 2072 fibi
334 2025 459 2072 fidit:
489 2043 567 2072 nec
585 2024 656 2087 spe
681 2026 833 2070 mortis
858 2024 1065 2087 patienter
1087 2023 1232 2082 dolet,
1269 2042 1346 2072 nec
1368 2027 1510 2074 taedio

239 2098 406 2149 doloris
425 2097 607 2146 libenter
625 2097 826 2145 moritur.
845 2097 960 2145 huuc
985 2096 1066 2142 sert
1079 2129 1096 2152 ‚
1114 2096 1228 2143 illam
1250 2097 1478 2160 exspefstat.
