1730 2870
496 158 1062 204 EPISTOLAE.
1357 178 1418 224 77

401 306 874 352 EPISTOLA»
959 305 1173 352 CXIII.

155 448 374 514 Quaestio,
403 452 478 494 An
521 453 704 496 Virtutes
718 451 809 513 sint
840 451 1108 496 Animalia?
1137 451 1268 496 Stoice
1291 449 1427 513 affiric

214 520 282 584 effe
297 541 316 577 ,·
335 524 507 581 itemque
538 526 656 568 Vitia
672 559 685 580 ,
711 522 752 569 ἃ
771 526 820 568 A
812 522 974 588 ffiflus.
1004 523 1103 587 Post
1118 525 1324 568 ridendam
1346 543 1427 568 tzo-

214 594 277 636 bis
314 593 432 638 hodie
465 593 861 654 disputatiunculam
879 629 893 652 ,
927 614 953 639 a
985 596 1139 640 talibus
1170 611 1316 641 avocat
1334 631 1348 654 ,
1372 599 1432 641 ad

215 665 337 708 utilia
360 667 466 710 vitae
489 682 620 712 vocat.

155 781 580 893 DESIDERAS
612 843 690 890 tibi
722 844 850 892 scribi
875 862 897 891 a
925 862 1023 903 me,
1053 845 1158 909 quid
1178 845 1352 892 sentiam
1377 849 1431 894 de

152 914 232 960 hac
262 915 512 977 quaestione
538 916 691 962 iafiata
716 917 830 978 apud
855 916 1052 962 nostros:
1074 921 1143 963 An
1169 917 1351 976 iustitia,
1376 937 1431 965 an

155 985 372 1035 fortitudo
388 1025 402 1047 ‚
432 989 687 1051 prudentia,
713 1003 968 1053 ceteraeque
993 989 1176 1036 virtutes
1194 1022 1208 1044 ‚
1234 991 1433 1038 animalia

151 1059 245 1107 fint.
284 1062 376 1107 Hac
408 1061 633 1107 subtilitate
665 1061 900 1119 efficimus,
930 1060 1069 1107 Lucili
1111 1063 1350 1120 cariffime,
1381 1078 1431 1112 ut

153 1149 355 1180 exercere
386 1134 607 1197 ingenium
634 1135 748 1181 inter
780 1135 898 1180 irrita
931 1135 1186 1192 videamur,
1216 1149 1256 1182 et
1283 1137 1432 1200 dispu-

156 1207 396 1254 tationibus
410 1207 517 1253 nihil
535 1207 777 1270 profuturis
793 1208 935 1255 otium
954 1220 1105 1255 terere.
1124 1209 1292 1255 Faciam
1311 1211 1435 1273 quod

156 1278 397 1334 desideras,
431 1294 474 1327 et
497 1281 602 1344 quid
638 1280 792 1328 nostris
824 1281 1052 1339 videatur,
1080 1298 1315 1343 exponam.
1350 1283 1434 1330 Sed

155 1369 226 1399 me
252 1354 297 1400 in
327 1355 406 1401 alia
438 1355 646 1403 sententia
684 1354 899 1418 profiteor
931 1354 1029 1402 effe.
1080 1357 1193 1402 Puto
1219 1357 1435 1418 quaedam

156 1426 268 1483 effe,
293 1445 403 1490 quae
424 1429 579 1475 decent
603 1428 919 1491 phaecasiatum
947 1426 1275 1490 palliatumque.
1307 1430 1436 1488 Quae

158 1499 238 1545 sint
256 1517 363 1564 ergo
378 1538 391 1557 ‚
414 1518 523 1563 quae
540 1502 746 1564 antiquos
766 1499 1016 1553 moverint,
1040 1500 1195 1546 dicam.
1223 1500 1434 1546 Animum

159 1571 326 1618 constat
354 1573 514 1619 animal
537 1574 622 1620 effe
645 1591 655 1620 z
677 1587 768 1619 tum
794 1573 883 1635 ipse
908 1572 1092 1630 efficiat,
1121 1586 1169 1618 ut
1190 1571 1320 1619 fimus
1344 1573 1436 1619 ani-

159 1643 314 1700 malia,
342 1657 385 1690 et
417 1662 517 1692 cum
549 1646 602 1691 ab
637 1645 713 1690 illo
747 1644 945 1689 animalia
977 1659 1141 1689 nomen
1172 1643 1261 1690 hoc
1289 1656 1436 1689 traxe-

160 1715 260 1762 rint.
291 1717 440 1764 Virtus
457 1731 597 1763 autem
627 1717 734 1762 nihil
753 1717 867 1762 aliud
886 1715 967 1773 est,
986 1732 1114 1779 quam
1134 1715 1302 1761 animus
1324 1733 1438 1777 (3110-

159 1789 401 1834 dammodo
420 1789 462 1836 se
487 1790 648 1836 habens
669 1807 679 1836 :
702 1806 808 1853 ergo
829 1789 986 1835 animal
1003 1788 1074 1834 est.
1093 1788 1269 1834 Deinde
1289 1806 1298 1834 :
1329 1790 1437 1835 Vir-

160 1870 228 1906 tus
253 1860 342 1922 agit
367 1861 529 1924 aliquid
551 1879 562 1906 :
581 1861 647 1924 agi
668 1874 813 1906 autem
839 1860 947 1906 nihil
971 1860 1056 1906 fine
1078 1859 1242 1921 impetu
1264 1860 1433 1921 potest:

161 1932 193 1979 fi
225 1933 436 1995 impetum
463 1935 588 1980 habet
608 1969 620 1990 ‚
654 1934 730 1996 qui
766 1934 870 1980 nulli
896 1933 985 1991 est,
1009 1933 1084 1980 nifi
1112 1933 1312 1991 animali,
1343 1935 1438 1980 ani-

162 2006 250 2051 mal
281 2006 353 2052 est.
387 2006 429 2052 Si
453 2007 621 2066 animal,
639 2006 723 2064 est,
753 2007 895 2070 inquit
914 2043 926 2064 ‚
955 2007 1118 2061 virtus,
1147 2007 1274 2053 habet
1302 2008 1437 2068 {piam

163 2076 384 2124 virtutem.
408 2079 610 2139 Quidni?
636 2079 763 2125 habet
782 2079 973 2143 seipsam.
1001 2080 1251 2140 Quo-modo
1272 2079 1438 2142 sapiens

164 2150 314 2195 omnia
342 2167 420 2213 per
438 2151 645 2198 virtutem
676 2151 813 2215 gerit,
841 2153 898 2198 fic
924 2153 1064 2199 virtus
1091 2170 1167 2215 per
1199 2153 1253 2199 se.
1288 2156 1402 2215 Ergo
1421 2186 1436 2207 ‚

163 2222 306 2285 inquit
321 2257 334 2279 ‚
355 2237 397 2269 et
421 2239 578 2270 omnes
599 2237 708 2270 artes
727 2225 924 2270 animalia
953 2224 1048 2271 sunt
1064 2261 1077 2281 ‚
1095 2239 1137 2272 et
1160 2225 1308 2271 omnia
1325 2242 1436 2287 quae

166 2297 440 2359 cogitamus,
464 2315 660 2362 quaeque
687 2313 832 2346 mente
857 2299 1204 2361 compleuimur.
1237 2300 1438 2363 Sequitur

166 2381 214 2414 ut
245 2367 377 2413 multa
408 2367 657 2414 animalium
689 2368 821 2414 millia
849 2368 1038 2416 habitent
1067 2370 1110 2414 in
1140 2370 1205 2415 bis
1235 2369 1440 2433 angustiis

166 2440 388 2503 pectoris,
414 2452 457 2489 et
483 2441 635 2506 singuli
666 2441 801 2490 multa
828 2443 958 2490 simus
985 2441 1206 2503 animalia,
1233 2456 1307 2489 eut
1329 2442 1440 2489 mul-
