1730 2870
257 115 346 178 198
512 113 901 161 L.ANNAE1
951 115 1307 162 SENECAE

251 221 300 270 in
326 222 427 286 igne
453 221 683 285 puriffimo
701 257 715 277 ,
745 220 796 267 in-
820 238 912 284 quo
943 222 1051 268 nihil
1079 222 1139 269 est
1166 223 1289 286 quod
1310 222 1532 286 deprima-

250 309 353 344 tur:
383 296 600 344 autfi‘ulla
621 312 719 358 pars
745 296 835 343 eius
855 295 1087 355 deciderit,
1118 297 1163 343 in
1185 297 1382 359 periculo
1414 310 1534 345 totus
1592 313 1605 315 “

251 371 345 418 est:
375 371 475 434 quia
497 381 640 416 totum
667 369 811 431 potest
830 368 1054 427 excidere,
1086 370 1211 433 quod
1230 369 1372 433 potest
1399 370 1533 432 carpi.

252 484 259 488 .
305 440 429 488 einde
454 440 560 486 iilud
579 441 703 502 quod
730 439 929 503 quotidie
948 440 1103 486 levitas
1131 440 1283 487 cadere
1305 441 1534 504 prohibet,

251 514 282 561 fi
304 514 346 560 in
364 514 515 561 abdito
544 514 621 561 suo
649 527 771 562 tenet
789 530 921 575 grave
937 548 950 571 ‚
971 513 1205 576 quomodo
1239 514 1325 561 illic
1345 513 1428 561 effe
1448 529 1533 576 po·-

252 587 366 644 tuit,
386 587 503 633 unde
535 586 742 634 caderet?
785 586 911 646 Quid
938 584 1076 648 ergo?
1115 585 1220 631 Non
1251 585 1384 649 aliqui
1415 586 1536 649 ignes

251 659 297 705 in
327 659 536 706 inferiora
573 660 678 707 ferri
704 660 863 718 solent,
896 658 1001 706 ficut
1032 659 1140 706 haec
1170 658 1258 722 ipsa
1288 660 1342 706 de
1374 659 1533 722 quibus

251 732 499 794 quaerimus
521 732 729 780 fulmina?
758 734 862 778 fato
882 731 998 778 enim
1019 748 1110 779 non
1127 745 1258 790 eunt,
1287 731 1360 778 sed
1380 731 1532 779 ferun-

251 816 334 849 tur.
361 804 519 871 Aliqua
548 805 647 851 illos
666 803 864 867 potentia
896 803 1131 866 deprimit,
1156 820 1268 868 quae
1295 821 1385 850 non
1409 804 1469 852 est
1490 805 1537 852 in

254 874 442 921 aethere.
462 876 585 922 Nihil
606 875 723 923 enim
745 875 899 921 iniuria
914 876 1002 923 illic
1021 875 1194 939 cogitur
1209 910 1223 933 ‚
1246 875 1354 922 nihil
1372 876 1537 938 rumpi-

254 957 354 1004 tur,
379 946 484 993 nihii
506 961 678 1010 praeter
695 947 870 994 solitum
894 949 1054 996 evenit.
1076 948 1206 995 Ordo
1226 965 1373 996 rerum
1391 948 1476 1003 est,
1495 965 1539 997 et

254 1031 519 1082 expurgatus
536 1021 646 1083 ignis
670 1021 715 1066 in
737 1019 932 1067 custodia
950 1021 1102 1067 mundi
1117 1057 1131 1080 ‚
1153 1020 1341 1068 fixmmas
1362 1020 1539 1068 sortitus

255 1109 380 1148 oras,
410 1110 568 1156 operas
598 1095 893 1158 pulcherrime
923 1095 1155 1143 circumit:
1183 1095 1286 1142 hinc
1319 1094 1541 1142 discedere

255 1182 346 1212 non
365 1167 537 1229 potest,
564 1168 635 1214 sed
654 1185 707 1215 ne
727 1169 780 1214 ab
797 1181 983 1215 externo
1006 1168 1189 1231 quidem·
1206 1168 1395 1231 exprimi
1410 1186 1422 1215 :
1436 1168 1540 1231 quia

253 1238 299 1285 in
319 1243 489 1288 aethere
507 1241 613 1288 nulli
630 1242 802 1289 incerto
820 1243 1002 1305 corpori
1019 1243 1143 1292 locus
1162 1242 1236 1291 est.
1265 1243 1398 1290 Certa
1421 1242 1538 1289 enim

253 1326 296 1361 et
317 1315 519 1362 ordinata
543 1332 633 1362 non
655 1331 862 1379 pugnant.

321 1389 446 1435 XIV.
467 1392 564 1436 Vos
579 1425 592 1446 ,
610 1388 788 1452 inquam
809 1424 824 1445 ‚
844 1387 1009 1446 dicitis,
1038 1405 1135 1436 cum
1157 1389 1302 1436 causas
1325 1388 1540 1436 stelrarum

255 1460 619 1509 transvolantium
641 1460 841 1519 redditis,
867 1461 989 1523 posse
1009 1461 1174 1524 aliquas
1192 1474 1334 1524 partes
1358 1462 1469 1508 ae‘ris
1486 1463 1541 1509 ad

255 1534 297 1581 se
325 1535 495 1581 trahere
517 1536 661 1599 ignem
680 1570 693 1593 ‚
721 1550 775 1581 ex
799 1535 971 1581 aethere
999 1534 1274 1582 decidentem
1293 1569 1307 1590 ‚
1335 1548 1378 1583 et
1406 1552 1460 1582 ex
1485 1553 1541 1583 eo

255 1606 552 1670 superioribus
578 1606 688 1655 locis
713 1607 870 1654 ardore
891 1607 963 1654 hic
983 1608 1174 1655 accendi.
1195 1608 1278 1654 Sed
1297 1608 1539 1670 plurimum

260 1680 462 1739 interest,
493 1693 637 1728 utrum
664 1680 818 1744 aliquis
839 1680 954 1728 dicat
980 1681 1127 1745 ignem
1151 1698 1205 1728 ex
1224 1681 1399 1729 aethere
1419 1682 1541 1729 deci-

254 1754 381 1809 dere,
412 1755 535 1817 quod
555 1766 704 1800 natura
723 1770 814 1800 non
835 1754 1021 1816 patitur:
1043 1770 1097 1799 an
1115 1753 1229 1800 dicat
1242 1789 1256 1810 ‚
1273 1771 1329 1802 ex
1345 1754 1471 1818 ignea
1491 1754 1541 1801 vi

253 1828 450 1874 calorem
471 1827 514 1873 in
546 1844 594 1874 ea
610 1864 622 1885 ,
641 1844 752 1889 quae
771 1827 958 1874 subiecia
977 1827 1095 1885 sunt,
1119 1826 1332 1876 transiliret
1348 1865 1362 1884 ‚
1391 1845 1444 1874 an
1468 1828 1542 1875 hic

259 1901 453 1947 accendi.
477 1902 582 1947 Non
608 1900 726 1947 enim
751 1899 870 1947 illinc
895 1900 1007 1963 ignis
1034 1900 1175 1957 cadit,
1201 1900 1322 1963 quod
1345 1916 1434 1946 non
1454 1916 1542 1962 po-

258 1974 337 2021 test
356 1973 447 2020 fieri
460 2010 472 2030 ,
501 1973 572 2020 sed
588 1974 659 2021 hic
690 1973 887 2021 nascitur.
918 1972 1131 2019 Videmus
1150 1987 1267 2020 certe
1283 2004 1299 2027 ‚
1327 1972 1444 2035 apud
1460 1989 1542 2020 nos

257 2048 341 2094 late
365 2046 573 2095 incendio
591 2059 859 2110 pervagante
874 2081 886 2103 ‚
917 2045 1119 2109 quasdam
1137 2045 1316 2101 insulas,
1333 2061 1446 2108 quae
1463 2045 1542 2092 diu

262 2119 573 2166 concairierant
587 2154 600 2176 ‚
631 2135 686 2165 ex
706 2117 748 2165 se
769 2117 1004 2180 concipere
1022 2116 1258 2164 flammam.
1285 2120 1436 2180 Itaque
1457 2132 1542 2164 ve-

257 2190 435 2238 rifimiie
455 2190 543 2248 est,
572 2188 617 2236 in
651 2190 752 2236 a'ere
777 2189 977 2242 summm,
1008 2188 1084 2251 qui
1116 2199 1314 2236 naturam
1345 2188 1543 2251 rapiendi

258 2263 371 2325 ignis
400 2264 552 2318 habet,
575 2262 738 2326 aliquid
765 2263 946 2310 accendi
968 2262 1114 2310 calore
1131 2263 1319 2309 aetheris
1337 2262 1544 2324 superpo-

256 2333 338 2381 siti.
367 2335 548 2381 Neceffe
576 2335 636 2381 est
661 2335 883 2393 enim-fut
912 2349 955 2382 et
973 2334 1085 2383 imus
1112 2336 1259 2383 aether
1285 2335 1442 2382 habeat
1465 2333 1544 2379 ali-

255 2407 363 2470 quid
403 2408 493 2456 aeri
523 2408 658 2457 simile
674 2444 691 2468 ,
722 2423 766 2457 et
802 2407 994 2457 summus
1026 2408 1101 2456 ae‘r
1128 2425 1220 2458 non
1250 2407 1303 2456 fit
1333 2404 1544 2455 diffimilis
