1730 2870
261 137 347 181 116
514 135 1306 185 1,.ΑΝΝΑΕ181ΞΝΕΟᾹΕ

248 253 388 288 tarem
407 277 421 298 ‚
451 258 556 305 quas
583 241 839 288 arcesserem
865 259 1041 290 merces.
1076 244 1297 308 Decipere
1323 245 1382 293 est
1407 247 1537 304 istud,

250 316 412 362 docere
450 328 784 378 paupertatem,
821 332 922 363 cum
958 317 1134 365 divitias
1165 321 1428 381 promiseris.
1475 326 1537 370 Ita

248 402 295 436 tu
327 406 564 472 pauperem
594 388 789 448 iudicas,
823 389 893 436 cui
912 390 1019 436 nihil
1046 391 1198 439 deest?
1231 395 1320 441 Suo
1335 396 1536 459 ‚inquis‚

247 476 292 511 et
331 463 562 527 patientiae
595 463 693 511 suae
736 462 987 521 beneficio,
1030 480 1123 510 non
1169 465 1386 515 fortunae.
1427 471 1532 517 Ideo

242 553 354 599 ergo
385 536 503 583 illum
523 551 615 582 non
653 536 818 583 iudicas
849 536 1057 592 divitem,
1087 537 1189 600 quia
1219 540 1402 588 divitiae
1442 543 1534 590 eius

243 608 440 656 definere
461 623 551 655 non
571 608 775 671 possunt?
807 610 967 655 Utrum
987 609 1112 657 malis
1136 609 1296 658 habere
1320 616 1503 662 multum
1519 650 1535 673 ,

243 700 299 730 an
331 681 469 729 satis?
508 682 585 746 qui
616 683 804 728 multum
826 682 954 727 habet
974 715 987 738 ‚
1019 681 1116 743 plus
1144 683 1300 744 cupit;
1327 687 1449 748 quod
1474 688 1536 734 est

243 771 547 822 argumentum
564 792 576 815 ‚
600 757 803 804 nondum
839 756 960 802 illum
998 756 1093 803 satis
1115 757 1307 804 habere:
1331 761 1409 822 qui
1439 763 1536 808 satis

243 832 404 890 habet,
438 830 697 877 consecutus
731 829 791 876 est
812 866 825 887 ‚
860 829 981 893 quod
1009 847 1232 894 nunquam
1270 831 1400 878 diviti
1425 849 1534 880 con—

240 904 404 968 tingit,
423 903 571 950 finem.
592 907 660 950 An
693 905 768 951 has
798 905 902 951 ideo
934 920 1027 950 non
1062 919 1186 967 putas
1214 905 1300 952 effe
1328 907 1500 956 divitias
1520 947 1534 967 ‚

239 979 343 1042 quia
368 989 550 1040 propter
572 975 664 1023 illas
682 992 815 1022 nemo
835 975 1102 1039 proscriptus
1135 976 1195 1022 est
1216 977 1234 1023 ἓ
1267 977 1367 1041 quia
1391 996 1530 1041 prop-

239 1066 309 1099 ter
340 1052 431 1099 illas
469 1051 576 1098 nuili
607 1068 828 1099 venenum
863 1050 1005 1108 filius,
1038 1052 1143 1097 nulli
1170 1069 1287 1099 uxor
1317 1053 1530 1118 impegit?

239 1126 342 1190 quia
374 1127 417 1172 in
450 1126 566 1172 bello
596 1138 716 1173 tutae
736 1125 860 1173 sunt?
889 1126 989 1189 quia
1010 1126 1055 1172 in
1087 1145 1193 1190 pace
1216 1128 1408 1176 otiosae?
1429 1131 1533 1193 quia

239 1217 321 1245 nec
344 1200 500 1245 habere
520 1200 609 1245 illas
640 1199 932 1261 periculosum
962 1199 1050 1254 est,
1083 1217 1164 1246 nec
1191 1199 1428 1262 operosum
1448 1203 1530 1247 dis-

238 1273 439 1335 ponere?
478 1275 545 1318 An
579 1289 733 1335 parum
763 1273 919 1330 habet,
952 1274 1027 1336 qui
1066 1286 1231 1318 tantum
1261 1289 1353 1319 non
1389 1275 1529 1336 alget,

240 1362 335 1393 non
367 1346 521 1402 esurit,
551 1363 642 1391 non
668 1345 751 1392 sitit
772 1345 790 1391 Ρ
827 1345 923 1408 plus
947 1347 1108 1407 Iupiter
1128 1362 1220 1391 non
1240 1346 1380 1393 habet.
1402 1348 1529 1393 Nun-

236 1435 368 1481 quam
398 1436 549 1481 parum
576 1418 636 1464 est
656 1454 669 1475 ‚
693 1418 817 1481 quod
846 1418 942 1465 satis
976 1419 1063 1465 est:
1097 1437 1320 1482 nunquam
1344 1420 1528 1467 multum

237 1492 300 1538 est
318 1529 331 1549 ‚
361 1493 484 1553 quod
517 1491 613 1538 satis
644 1507 736 1536 non
764 1490 839 1537 est.
875 1491 974 1536 Post
995 1491 1181 1538 Darium
1203 1504 1245 1538 et
1264 1491 1395 1537 Indos
1419 1509 1526 1554 pau-

238 1581 317 1626 per
349 1554 410 1610 est
440 1564 685 1610 Alexander
711 1563 935 1610 Macedo:
974 1563 1143 1626 quaerit
1179 1565 1302 1626 quod
1319 1563 1441 1609 suum
1463 1564 1527 1611 fa-

236 1636 339 1693 ciat,
358 1634 572 1682 scrutatur
591 1636 727 1681 maria
743 1636 891 1699 ignota
908 1671 920 1693 ‚
943 1635 987 1680 in
1008 1638 1241 1682 Oceanum
1260 1634 1408 1682 claffes
1428 1637 1526 1683 mit·

235 1709 290 1756 tit
314 1723 481 1763 novas,
509 1721 585 1764 et,
605 1721 652 1754 ut
670 1707 729 1754 ita
756 1708 896 1754 dicam
916 1743 929 1763 ,
953 1707 1104 1754 mundi
1124 1707 1304 1754 claustra
1322 1725 1522 1771 perrum-

234 1782 312 1844 pit.
338 1781 477 1841 Quod
504 1793 679 1828 naturae
706 1781 802 1828 satis
827 1780 911 1837 est,
933 1781 1106 1827 homini
1143 1798 1234 1827 non
1262 1781 1336 1829 est.
1361 1786 1523 1829 Inven-

233 1867 306 1902 tus
332 1854 395 1902 est
427 1854 504 1917 qui
529 1854 860 1915 concupisceret
887 1853 1050 1917 aliquid
1079 1852 1177 1915 post
1200 1854 1362 1901 omnia.
1405 1869 1522 1904 tanta

231 1927 295 1976 est
332 1927 515 1975 caecitas
552 1927 765 1974 mentium
793 1963 807 1986 ‚
849 1941 893 1974 et
922 1939 1040 1973 tanta
1071 1926 1299 1974 initiorum
1342 1929 1519 1977 suorum

231 2001 498 2064 unicuique,
535 2018 635 2048 cum
656 2001 899 2063 processit,
922 2001 1107 2048 oblivio.
1130 2001 1204 2047 Ille
1222 2003 1399 2049 modo
1389 2021 1519 2067 igno-

231 2075 332 2123 bilis
350 2074 493 2139 anguli
525 2091 618 2121 non
638 2074 667 2121 s
654 2092 725 2122 ne
747 2074 1048 2122 controversia
1064 2075 1304 2133 dominuS‚
1325 2077 1378 2122 de
1396 2089 1519 2124 tanto

232 2146 322 2194 fine
348 2162 564 2195 terrarum
603 2163 682 2229 per
701 2147 823 2194 suum
857 2147 1074 2194 rediturus
1103 2146 1258 2194 orbem
1286 2147 1414 2194 tristis
1441 2148 1516 2195 est.

229 2220 471 2268 Neminem
511 2219 696 2284 pecunia
745 2220 928 2268 divitem
969 2220 1110 2267 fecit.
1134 2220 1288 2267 immo
1337 2234 1518 2280 contra,

230 2293 339 2340 nulli
366 2309 456 2339 non
485 2293 697 2340 maiorem
734 2293 798 2340 sui
826 2293 1110 2356 cupiditatem
1147 2293 1335 2342 incuffit.
1364 2296 1514 2354 Quae-

229 2366 320 2425 ris,
355 2383 466 2430 quae
499 2367 549 2413 fit
585 2367 714 2414 huius
734 2367 810 2414 ‘rei
846 2367 1007 2414 causa?
1036 2368 1133 2430 plus
1161 2367 1317 2430 incipit
1356 2367 1515 2413 habere

227 2440 351 2503 poffe
368 2475 384 2499 ‚
415 2440 491 2504 qui
526 2441 622 2504 plus
656 2441 801 2489 habet.
842 2442 914 2487 Ad
945 2442 1189 2500 summam,
1228 2458 1358 2504 quem
1386 2440 1512 2488 voles

784 2547 790 2565 1
