1730 2870
399 95 662 143 NATUR.
699 95 999 162 QUAF-ssT·
1043 96 1164 141 Lm.
1199 96 1250 142 11.
1373 113 1462 159 199

186 201 280 249 imo
312 201 504 248 aetheri:
526 199 627 263 quia
659 216 750 247 non
785 199 833 246 fit
861 201 998 247 statim
1027 219 1082 248 ex
1115 200 1290 251 diverso
1318 201 1363 247 in
1392 202 1462 248 di-

186 275 361 322 versum
386 272 597 319 transitus.
649 272 856 318 Paulatim
883 272 959 318 ista
990 271 1188 320 confinio
1214 273 1309 319 vim
1343 272 1462 319 suam

185 345 365 392 miscent
391 344 475 402 ita,
504 357 550 390 ut
569 344 764 391 dubitare
789 344 950 407 poffis,
980 362 1035 391 an
1069 346 1142 391 aet·
1157 381 1174 403 ‚
1199 362 1255 392 an
1273 344 1345 392 hic
1373 343 1461 390 iam

186 419 333 466 aether
352 416 414 463 fit.

253 489 354 535 XV.
376 487 569 548 Quidam
590 505 644 535 ex
669 486 828 535 nostris
851 487 1124 546 existimant,
1147 488 1244 534 aera
1259 523 1273 546 ,
1296 503 1395 534 cum
1416 486 1462 533 in

186 562 332 625 ignem
354 575 397 606 et
428 577 583 623 aquam
611 560 829 606 mutabilis
863 560 942 614 fit,
977 575 1068 605 non
1095 561 1265 606 trahere
1289 558 1462 605 aliunde

186 633 331 680 causas
352 631 628 680 flammarum
648 647 785 678 novas
806 649 815 677 :
836 632 925 694 ipse
943 632 1059 677 enim
1080 631 1121 678 se
1144 632 1374 678 movendo
1392 648 1463 678 ac-

187 707 364 761 cendit,
394 718 438 753 et
470 724 573 754 cum
594 705 752 752 densos
777 705 1117 768 compaStosque
1142 705 1326 751 nubium
1351 705 1463 752 smus

187 778 385 841 dissipat,
413 779 650 826 necess'ario
669 777 837 826 vastum
865 779 911 824 in
943 793 1031 825 tam
1062 794 1325 841 magnorum
1357 793 1463 823 cor-

187 868 348 914 porum
369 851 618 914 diruptione
650 851 793 897 reddit
813 850 980 897 sonum.
1011 850 1086 897 Illa
1114 867 1251 913 porro
1277 849 1465 896 nubium

187 923 420 970 difficulter
446 923 694 970 cedentium
715 939 883 986 pugna,
906 920 1068 986 aliquid
1092 922 1266 970 confert
1282 923 1336 969 ad
1352 939 1464 970 con-

189 996 410 1042 citandum
434 995 578 1058 ignem
600 1013 611 1041 ε
642 994 723 1052 fic,
749 995 1122 1056 quemadmodum
1156 995 1278 1042 ferro
1303 994 1466 1057 aliquid

189 1085 344 1115 manus
369 1069 423 1114 ad
450 1068 680 1115 secandum
705 1066 908 1114 confert:
931 1066 1000 1113 sed
1017 1066 1184 1126 secare,
1203 1066 1308 1114 ferri
1327 1066 1403 1114 est.

257 1142 381 1188 XVI.
416 1142 540 1201 Quid
571 1158 681 1204 ergo
720 1140 832 1187 inter
864 1139 1197 1204 fulgurationem
1228 1153 1271 1187 et
1300 1138 1468 1188 fulmen
1536 1154 1540 1158 ·

188 1212 392 1259 interest?
416 1213 576 1260 dicam.
600 1213 875 1276 Fulguratio‚
894 1213 955 1260 est
981 1214 1064 1260 late
1082 1213 1192 1276 ignis
1210 1213 1467 1274 explicitus:
1501 1258 1504 1261 .

190 1286 395 1345 Fulmen,
420 1285 480 1333 est
503 1287 679 1334 ccatfflus
699 1287 834 1348 ignis,
855 1300 897 1333 et
917 1288 1082 1349 impetu
1099 1289 1247 1335 iafihts.
1267 1289 1469 1335 Solemus

189 1360 353 1407 duabus
374 1362 572 1408 manibus
590 1361 704 1407 inter
727 1361 767 1408 se
786 1361 942 1407 iun-{lis
960 1378 1116 1424 aquam
1135 1362 1370 1425 concipere
1384 1398 1398 1421 ,
1425 1374 1469 1409 et

190 1433 433 1494 compressa
467 1434 686 1497 utrimque
713 1434 856 1497 palma
885 1434 932 1481 in
961 1434 1147 1481 modum
1171 1434 1365 1497 fiphonis
1393 1452 1468 1482 ex-

190 1505 394 1568 primere.
422 1505 570 1552 Simile
590 1506 801 1569 quiddam
832 1517 876 1552 et
895 1504 982 1551 illic
1010 1504 1104 1552 fieri
1122 1517 1240 1568 puta.
1271 1505 1470 1553 Nubium

191 1580 304 1626 inter
337 1575 379 1627 1}
416 1580 759 1643 compressamm
791 1579 1010 1643 angustiae
1041 1580 1234 1627 medium
1269 1580 1470 1642 spiritum

192 1652 426 1709 emittunt,
449 1665 489 1698 et
506 1654 593 1699 hoc
610 1652 703 1711 ipso
723 1651 996 1699 inflammant
1008 1687 1021 1708 ,
1039 1664 1083 1698 et
1101 1653 1310 1699 tormenti
1330 1653 1473 1700 modo

192 1727 384 1774 eiiciunt.
416 1728 457 1771 N
463 1744 531 1772 am
551 1725 721 1775 balistae
739 1741 919 1790 quoque
939 1740 981 1772 et
1000 1725 1254 1788 scorpiones
1272 1727 1354 1774 tela
1369 1742 1471 1774 cum

193 1796 306 1842 sono
329 1797 562 1859 expellunt.

261 1868 404 1914 XVH.
424 1867 616 1927 Quidam
633 1865 877 1913 existimant
890 1902 905 1924 ,
922 1864 1064 1928 ipsum
1085 1865 1278 1929 spiritum
1299 1883 1376 1928 per
1393 1866 1473 1914 fri-

195 1940 294 2003 gida
313 1952 442 2003 atque
461 1939 639 1986 humida
659 1954 835 1987 euntem
856 1975 872 1996 ,
892 1939 1046 1985 sonum
1064 1939 1262 1987 reddere.
1281 1941 1396 1986 Nam
1416 1957 1474 1988 ne

196 2012 362 2058 serrum
383 2012 561 2075 quidem
580 2013 734 2059 ardens
753 2012 921 2059 filentio
940 2011 1134 2074 tingitur.
1158 2012 1243 2058 Sed
1260 2013 1473 2073 quemad-

199 2085 383 2130 modum
397 2120 412 2142 ,
433 2085 463 2130 fi
487 2085 530 2130 in
554 2102 710 2147 aquam
731 2084 908 2131 fervens
937 2083 1069 2130 maffa
1089 2084 1307 2131 descendit
1322 2121 1337 2142 ,
1368 2101 1472 2132 cum

197 2157 341 2202 multo
357 2173 580 2204 murmure
597 2157 882 2219 exstinguitur
897 2175 907 2203 :
923 2157 983 2204 ita
997 2192 1011 2213 ,
1030 2168 1078 2203 ut
1096 2157 1380 2203 Anaximenes
1399 2157 1475 2215 ait,

198 2231 372 2292 spiritus
390 2230 587 2278 incidens
608 2232 792 2278 nubibus
808 2231 1000 2278 tonitrua
1017 2231 1106 2277 edit
1121 2267 1137 2288 ,
1157 2244 1199 2277 et
1218 2231 1323 2276 dum
1339 2230 1475 2277 lutila-⁴

200 2323 272 2354 tur
285 2342 297 2363 ‚
322 2322 398 2368 per
417 2307 629 2355 obstantia
644 2323 687 2356 et
703 2307 903 2358 intercisa
921 2307 1109 2366 vadens,
1127 2307 1215 2369 ipsa
1232 2305 1379 2369 ignem
1398 2303 1475 2358 stt-2

198 2394 252 2441 ga
280 2378 492 2428 accendit.

1143 2453 1250 2512 N4
