1730 2870
499 170 1079 219 EplsTOLAE.
1365 167 1467 234 ὅγ’

154 280 317 327 amicos
344 278 514 341 aliquos
541 276 696 323 similes
726 277 788 323 sui
816 276 984 324 admifit
1000 312 1013 335 ,
1039 294 1138 323 cum
1161 277 1318 340 quibus
1337 277 1428 323 vir-

154 368 264 401 tutes
292 353 382 399 suas
415 351 726 398 communicet.
766 352 918 397 Adiice
949 368 1092 408 nunc,
1125 352 1247 414 quod
1277 351 1428 397 omni-

153 429 230 474 bus
252 427 362 472 inter
390 426 430 472 se
458 424 690 472 virtutibus
721 425 910 470 amicitia
937 424 1010 472 est.
1044 427 1192 487 Itaque
1219 425 1396 486 prodest
1416 455 1431 480 ,

153 499 228 561 qui
239 498 419 545 virtutes
447 496 624 543 alicuius
646 512 766 556 pares
791 496 874 542 suis
896 510 1033 554 amat,
1052 496 1338 560 amandasque
1362 498 1431 543 in-

154 570 299 616 vicem
331 568 524 630 praestat.
555 567 717 613 Similia
742 567 953 613 delefitant
977 586 988 613 ε
1014 568 1162 631 utique
1191 569 1265 615 ubi
1291 570 1430 615 hone-

156 641 214 687 sta
246 641 368 697 sunt,
397 656 438 687 et
467 640 653 703 probare
682 655 731 684 ac
761 639 936 700 probari
963 639 1115 686 sciunt.
1164 641 1430 687 Etiamnum.

154 713 363 775 Sapientis
381 713 574 758 animum
597 711 734 774 perite
763 726 948 759 movere
974 728 1108 758 nemo
1138 712 1244 759 alius
1261 713 1428 775 potest,

155 787 231 832 nisi
254 787 446 848 sapiens:
468 786 573 832 ficut
593 785 822 831 hominem
845 801 1028 831 movere
1047 785 1316 832 rationaliter
1337 803 1429 833 non

155 860 318 922 potest,
340 859 415 905 nisi
440 861 593 905 h0m0.
621 850 873 917 Quomodo
891 873 997 921 ergo
1015 859 1069 904 ad
1088 858 1302 905 rationem
1329 876 1429 906 mo-

155 933 344 979 vendam
364 932 534 977 ratione
552 946 662 991 opus
682 928 741 974 est
758 946 768 974 :
784 928 857 986 sic,
878 942 924 975 ut
943 933 1309 978 moveatur-‚ratio
1328 949 1430 994 per-

155 1006 289 1061 fefi'ta,
316 1022 430 1067 opus
458 1004 517 1051 est
536 1003 705 1049 ratione
733 1001 937 1064 perfefla.
966 1003 1173 1051 Prodesse
1198 1004 1426 1062 dicuntur,

156 1095 199 1126 et
223 1080 299 1142 qui
323 1078 466 1124 media
492 1077 619 1122 nobis
643 1076 907 1139 largiuntur,
933 1077 1162 1138 pecuniam
1177 1113 1190 1134 ‚
1220 1078 1400 1140 gratiam
1415 1112 1431 1137 ,

155 1152 528 1208 incolumitatem,
556 1150 636 1195 alia
667 1151 711 1195 in
738 1150 836 1196 usus
868 1150 986 1196 vitae
1010 1166 1107 1196 cara
1135 1164 1208 1197 aut
1240 1153 1428 1199 necefl'a-

155 1226 248 1272 ria:
281 1226 325 1271 in
356 1225 421 1272 his
451 1225 619 1271 dicetur
651 1224 782 1270 etiam
813 1222 963 1269 stultus
999 1223 1179 1284 sapienti
1217 1225 1429 1286 prodesse.

156 1297 359 1344 Prodeffe
379 1309 521 1344 autem
541 1296 618 1353 est,
637 1295 830 1342 animum
858 1295 1092 1341 secundum
1113 1308 1310 1343 naturam
1330 1315 1430 1345 mo-

157 1387 263 1417 vere
287 1371 447 1417 virtute
472 1369 564 1426 sua,
590 1384 663 1415 aut
689 1369 779 1414 eius
801 1368 876 1431 qui
905 1368 1174 1417 movebitur.
1209 1368 1310 1418 Hoc
1338 1388 1430 1419 non

157 1441 243 1488 fine
267 1441 394 1503 ipsius
423 1457 628 1504 quoque,
657 1441 733 1503 qui
760 1440 987 1502 proderit,
1012 1441 1134 1486 bono
1158 1440 1246 1488 fiet.
1284 1444 1430 1491 neces-³

159 1514 198 1559 se
221 1514 281 1560 est
303 1514 418 1560 enim
439 1545 453 1568 ‚
483 1513 665 1560 alienam
689 1513 897 1560 virtutem
923 1514 1169 1559 exercendo
1188 1549 1202 1571 ‚
1232 1529 1429 1563 exerceat

160 1598 202 1631 et
234 1585 365 1631 suam.
408 1586 490 1631 Sed
523 1597 570 1630 ut
602 1599 832 1630 removeas
870 1583 979 1641 ista,
1009 1601 1119 1647 quae
1156 1598 1228 1632 aut
1261 1588 1429 1634 summa

161 1657 274 1703 bona
301 1659 394 1704 sunt
413 1692 426 1715 ‚
450 1669 522 1703 aut
551 1657 823 1702 summorum
853 1656 1107 1714 efficientia,
1144 1658 1428 1708 nihilominus

163 1728 360 1789 prodesse
388 1728 498 1773 inter
530 1728 568 1772 se
605 1728 812 1788 sapientes
846 1728 1035 1790 poffunt.
1070 1730 1270 1778 Invenire
1310 1732 1429 1778 enim

163 1802 394 1864 sapientem
413 1837 428 1857 ,
452 1800 631 1863 sapienti
660 1817 736 1861 per
758 1800 797 1846 se
822 1817 890 1847 res
914 1802 1096 1862 petenda
1122 1802 1211 1849 est:
1233 1804 1333 1867 quia
1352 1821 1430 1852 na·-

163 1889 257 1921 tura
282 1874 446 1920 bonum
481 1888 616 1918 omne
647 1888 795 1918 carum
824 1871 884 1919 est
908 1872 1059 1919 bono:
1087 1887 1130 1920 et
1159 1874 1217 1921 fic
1243 1877 1430 1940 quisque

165 1946 418 1993 conciliatur
445 1945 593 2000 bono,
626 1944 998 2007 quemadmodum
1031 1946 1121 1992 fibi.
1150 1948 1329 1994 Neceffe
1353 1949 1432 2007 est,

165 2037 217 2066 ex
235 2019 314 2065 hac
335 2018 584 2082 quaestione
597 2054 609 2076 ‚
629 2018 868 2080 argumenti
888 2020 1026 2078 causa,
1041 2020 1086 2066 in
1105 2021 1279 2067 alteram
1297 2021 1433 2070 trans-³

166 2106 274 2136 eam.
297 2091 540 2149 Quaeritur
565 2089 679 2136 enim
696 2120 711 2145 ‚
741 2106 794 2135 an
825 2091 1134 2140 deliberaturus
1161 2093 1209 2138 fit
1232 2095 1430 2154 sapiens:

165 2180 218 2209 an
244 2163 287 2208 in
320 2164 545 2210 confilium
580 2163 766 2226 aliquem
802 2165 1130 2212 advocaturus:
1160 2168 1280 2229 quod
1315 2166 1432 2215 face·-

166 2250 211 2279 re
232 2234 292 2280 ili'i
321 2234 601 2281 necessarium
627 2234 713 2291 est,
751 2250 853 2280 cum
886 2235 941 2281 ad
971 2236 1077 2282 haec
1108 2236 1250 2289 civilia
1276 2251 1319 2283 et
1346 2239 1431 2285 do-

164 2309 336 2355 mestica
361 2308 560 2365 venitur,
582 2321 625 2355 et
656 2307 728 2371 (ut
752 2309 810 2355 ita
842 2308 1008 2372 dicam)
1038 2312 1255 2357 mortalia.
1286 2314 1334 2358 In
1366 2314 1432 2361 his

164 2381 221 2428 fic
244 2382 304 2427 illi
326 2398 437 2445 opus
467 2381 526 2428 est
558 2382 699 2428 alieno
733 2382 939 2440 consilio,
965 2385 1197 2446 quomodo
1226 2386 1429 2442 medico,

162 2455 396 2518 quomodo
413 2454 718 2518 gubernatori,
745 2455 977 2517 quomodo
1004 2455 1250 2515 advocato,
1279 2470 1321 2505 et
1343 2458 1428 2508 litis

1134 2532 1169 2576 E
1205 2547 1230 2577 2.
