<?xml version="1.0" encoding="UTF-8"?>
<!DOCTYPE html PUBLIC "-//W3C//DTD XHTML 1.0 Transitional//EN"
    "http://www.w3.org/TR/xhtml1/DTD/xhtml1-transitional.dtd">
<html xmlns="http://www.w3.org/1999/xhtml" xml:lang="en" lang="en">
 <head>
  <title>
</title>
<meta http-equiv="Content-Type" content="text/html;charset=utf-8" />
  <meta name='ocr-system' content='tesseract 3.04.00' />
  <meta name='ocr-capabilities' content='ocr_page ocr_carea ocr_par ocr_line ocrx_word'/>
</head>
<body>
  <div class='ocr_page' id='page_1' title='image "./lannaeisenecaeph04seneuoft_0232.png"; bbox 0 0 1730 2870; ppageno 0'>
   <div class='ocr_carea' id='block_1_1' title="bbox 238 104 1392 168">
    <p class='ocr_par' dir='ltr' id='par_1_1' title="bbox 238 104 1392 168">
     <span class='ocr_line' id='line_1_1' title="bbox 238 104 1392 168; baseline 0 -12"><span class='ocrx_word' id='word_1_1' title='bbox 238 108 330 157; x_wconf 81' lang='lat'>226</span> <span class='ocrx_word' id='word_1_2' title='bbox 396 110 444 156; x_wconf 85' lang='lat' dir='ltr'>L.</span> <span class='ocrx_word' id='word_1_3' title='bbox 470 107 614 156; x_wconf 82' lang='lat' dir='ltr'><strong>ANN.</strong></span> <span class='ocrx_word' id='word_1_4' title='bbox 642 107 770 154; x_wconf 87' lang='lat' dir='ltr'><strong>SEN.</strong></span> <span class='ocrx_word' id='word_1_5' title='bbox 801 105 944 154; x_wconf 85' lang='lat' dir='ltr'><strong>NAT.</strong></span> <span class='ocrx_word' id='word_1_6' title='bbox 972 104 1229 168; x_wconf 79' lang='lat' dir='ltr'><strong>QUAEST.</strong></span> <span class='ocrx_word' id='word_1_7' title='bbox 1263 106 1311 156; x_wconf 86' lang='lat' dir='ltr'>L.</span> <span class='ocrx_word' id='word_1_8' title='bbox 1340 108 1392 156; x_wconf 75' lang='grc' dir='ltr'>Π.</span> 
     </span>
    </p>
   </div>
   <div class='ocr_carea' id='block_1_2' title="bbox 237 212 1532 1084">
    <p class='ocr_par' dir='ltr' id='par_1_2' title="bbox 237 212 1532 1084">
     <span class='ocr_line' id='line_1_2' title="bbox 238 212 1521 279; baseline 0 -15"><span class='ocrx_word' id='word_1_9' title='bbox 238 233 317 264; x_wconf 81' lang='lat' dir='ltr'><strong>ras.</strong></span> <span class='ocrx_word' id='word_1_10' title='bbox 348 217 473 279; x_wconf 79' lang='lat' dir='ltr'><strong>Quid</strong></span> <span class='ocrx_word' id='word_1_11' title='bbox 496 215 636 279; x_wconf 81' lang='lat' dir='ltr'>ergo?</span> <span class='ocrx_word' id='word_1_12' title='bbox 673 214 897 261; x_wconf 83' lang='lat' dir='ltr'>honestius</span> <span class='ocrx_word' id='word_1_13' title='bbox 924 215 1088 266; x_wconf 81' lang='lat' dir='ltr'>iudicas</span> <span class='ocrx_word' id='word_1_14' title='bbox 1116 215 1360 263; x_wconf 70' lang='lat' dir='ltr'>deieffione</span> <span class='ocrx_word' id='word_1_15' title='bbox 1387 212 1521 264; x_wconf 68' lang='lat' dir='ltr'>animi</span> 
     </span>
     <span class='ocr_line' id='line_1_3' title="bbox 237 285 1523 351; baseline 0.001 -16"><span class='ocrx_word' id='word_1_16' title='bbox 237 289 382 351; x_wconf 84' lang='lat' dir='ltr'><strong>perire</strong></span> <span class='ocrx_word' id='word_1_17' title='bbox 422 304 552 350; x_wconf 87' lang='lat' dir='ltr'>quam</span> <span class='ocrx_word' id='word_1_18' title='bbox 590 285 802 332; x_wconf 82' lang='lat' dir='ltr'>fulmine?</span> <span class='ocrx_word' id='word_1_19' title='bbox 840 289 906 331; x_wconf 86' lang='lat' dir='ltr'>Eo</span> <span class='ocrx_word' id='word_1_20' title='bbox 937 287 1081 350; x_wconf 84' lang='lat' dir='ltr'>itaque</span> <span class='ocrx_word' id='word_1_21' title='bbox 1120 287 1283 335; x_wconf 84' lang='lat' dir='ltr'>fortior</span> <span class='ocrx_word' id='word_1_22' title='bbox 1315 289 1523 336; x_wconf 81' lang='lat' dir='ltr'>adversus</span> 
     </span>
     <span class='ocr_line' id='line_1_4' title="bbox 238 361 1523 427; baseline 0 -18"><span class='ocrx_word' id='word_1_23' title='bbox 238 363 354 410; x_wconf 81' lang='lat' dir='ltr'>coeli</span> <span class='ocrx_word' id='word_1_24' title='bbox 371 361 507 407; x_wconf 82' lang='lat' dir='ltr'>minas</span> <span class='ocrx_word' id='word_1_25' title='bbox 525 362 650 424; x_wconf 86' lang='lat' dir='ltr'><strong>surge</strong></span> <span class='ocrx_word' id='word_1_26' title='bbox 668 396 681 418; x_wconf 90' lang='lat'>‚</span> <span class='ocrx_word' id='word_1_27' title='bbox 697 372 856 407; x_wconf 85' lang='lat' dir='ltr'><strong>etcum</strong></span> <span class='ocrx_word' id='word_1_28' title='bbox 880 363 1067 408; x_wconf 85' lang='lat' dir='ltr'>mundus</span> <span class='ocrx_word' id='word_1_29' title='bbox 1084 364 1276 427; x_wconf 81' lang='lat' dir='ltr'>undique</span> <span class='ocrx_word' id='word_1_30' title='bbox 1294 363 1523 422; x_wconf 83' lang='lat' dir='ltr'>exarserit,</span> 
     </span>
     <span class='ocr_line' id='line_1_5' title="bbox 237 435 1523 500; baseline 0 -17"><span class='ocrx_word' id='word_1_31' title='bbox 237 437 386 500; x_wconf 83' lang='lat' dir='ltr'>cogita</span> <span class='ocrx_word' id='word_1_32' title='bbox 400 447 441 483; x_wconf 88' lang='lat' dir='ltr'>te</span> <span class='ocrx_word' id='word_1_33' title='bbox 458 435 561 481; x_wconf 85' lang='lat' dir='ltr'>nihil</span> <span class='ocrx_word' id='word_1_34' title='bbox 575 436 732 482; x_wconf 83' lang='lat' dir='ltr'>habere</span> <span class='ocrx_word' id='word_1_35' title='bbox 745 436 798 481; x_wconf 86' lang='lat' dir='ltr'>de</span> <span class='ocrx_word' id='word_1_36' title='bbox 812 446 928 481; x_wconf 81' lang='lat' dir='ltr'>tanta</span> <span class='ocrx_word' id='word_1_37' title='bbox 949 435 1064 482; x_wconf 85' lang='lat' dir='ltr'>mole</span> <span class='ocrx_word' id='word_1_38' title='bbox 1085 438 1365 498; x_wconf 84' lang='lat' dir='ltr'><strong>perdendum.</strong></span> <span class='ocrx_word' id='word_1_39' title='bbox 1383 438 1523 497; x_wconf 83' lang='lat' dir='ltr'>Quod</span> 
     </span>
     <span class='ocr_line' id='line_1_6' title="bbox 239 507 1522 571; baseline -0.002 -14"><span class='ocrx_word' id='word_1_40' title='bbox 239 510 272 557; x_wconf 87' lang='lat' dir='ltr'><strong>fi</strong></span> <span class='ocrx_word' id='word_1_41' title='bbox 301 509 379 556; x_wconf 83' lang='lat' dir='ltr'>tibi</span> <span class='ocrx_word' id='word_1_42' title='bbox 411 507 551 571; x_wconf 82' lang='lat' dir='ltr'>parari</span> <span class='ocrx_word' id='word_1_43' title='bbox 584 507 724 555; x_wconf 87' lang='lat' dir='ltr'><strong>credis</strong></span> <span class='ocrx_word' id='word_1_44' title='bbox 759 507 872 553; x_wconf 79' lang='lat' dir='ltr'>illam</span> <span class='ocrx_word' id='word_1_45' title='bbox 902 507 1013 554; x_wconf 86' lang='lat' dir='ltr'><strong>coeli</strong></span> <span class='ocrx_word' id='word_1_46' title='bbox 1041 507 1369 566; x_wconf 79' lang='lat' dir='ltr'>confufionem‚</span> <span class='ocrx_word' id='word_1_47' title='bbox 1404 509 1522 556; x_wconf 81' lang='lat' dir='ltr'>illam</span> 
     </span>
     <span class='ocr_line' id='line_1_7' title="bbox 239 578 1524 644; baseline -0.002 -14"><span class='ocrx_word' id='word_1_48' title='bbox 239 581 543 644; x_wconf 78' lang='lat' dir='ltr'>tempestatum</span> <span class='ocrx_word' id='word_1_49' title='bbox 565 580 852 635; x_wconf 79' lang='lat' dir='ltr'>discordiam,</span> <span class='ocrx_word' id='word_1_50' title='bbox 886 578 916 624; x_wconf 88' lang='lat' dir='ltr'>fi</span> <span class='ocrx_word' id='word_1_51' title='bbox 944 590 1127 642; x_wconf 82' lang='lat' dir='ltr'>propter</span> <span class='ocrx_word' id='word_1_52' title='bbox 1152 594 1195 625; x_wconf 91' lang='lat' dir='ltr'>te</span> <span class='ocrx_word' id='word_1_53' title='bbox 1225 580 1410 643; x_wconf 76' lang='lat' dir='ltr'>ingestae</span> <span class='ocrx_word' id='word_1_54' title='bbox 1439 581 1524 627; x_wconf 81' lang='lat' dir='ltr'>illi-</span> 
     </span>
     <span class='ocr_line' id='line_1_8' title="bbox 239 654 1527 720; baseline -0.002 -16"><span class='ocrx_word' id='word_1_55' title='bbox 239 657 394 720; x_wconf 84' lang='lat' dir='ltr'>saeque</span> <span class='ocrx_word' id='word_1_56' title='bbox 414 656 550 703; x_wconf 81' lang='lat' dir='ltr'><strong>nubes</strong></span> <span class='ocrx_word' id='word_1_57' title='bbox 574 656 790 718; x_wconf 85' lang='lat' dir='ltr'>strepunt,</span> <span class='ocrx_word' id='word_1_58' title='bbox 817 655 848 700; x_wconf 89' lang='lat' dir='ltr'><strong>fi</strong></span> <span class='ocrx_word' id='word_1_59' title='bbox 878 654 921 700; x_wconf 89' lang='lat' dir='ltr'>in</span> <span class='ocrx_word' id='word_1_60' title='bbox 949 667 1073 699; x_wconf 87' lang='lat' dir='ltr'>tuum</span> <span class='ocrx_word' id='word_1_61' title='bbox 1101 654 1283 700; x_wconf 81' lang='lat' dir='ltr'>exitium</span> <span class='ocrx_word' id='word_1_62' title='bbox 1313 668 1429 702; x_wconf 82' lang='lat' dir='ltr'>tanta</span> <span class='ocrx_word' id='word_1_63' title='bbox 1458 655 1527 703; x_wconf 74' lang='lat' dir='ltr'>vis</span> 
     </span>
     <span class='ocr_line' id='line_1_9' title="bbox 241 728 1528 795; baseline -0.002 -18"><span class='ocrx_word' id='word_1_64' title='bbox 241 730 414 795; x_wconf 84' lang='lat' dir='ltr'>ignium</span> <span class='ocrx_word' id='word_1_65' title='bbox 441 729 658 777; x_wconf 84' lang='lat' dir='ltr'>excutitur</span> <span class='ocrx_word' id='word_1_66' title='bbox 678 745 688 773; x_wconf 92' lang='lat'><strong>:</strong></span> <span class='ocrx_word' id='word_1_67' title='bbox 711 741 751 775; x_wconf 82' lang='lat' dir='ltr'>at</span> <span class='ocrx_word' id='word_1_68' title='bbox 771 741 818 775; x_wconf 86' lang='lat' dir='ltr'>tu</span> <span class='ocrx_word' id='word_1_69' title='bbox 835 728 975 775; x_wconf 79' lang='lat' dir='ltr'>solatii</span> <span class='ocrx_word' id='word_1_70' title='bbox 994 728 1099 774; x_wconf 90' lang='lat' dir='ltr'>loco</span> <span class='ocrx_word' id='word_1_71' title='bbox 1121 743 1301 774; x_wconf 83' lang='lat' dir='ltr'><strong>numera</strong></span> <span class='ocrx_word' id='word_1_72' title='bbox 1318 728 1426 775; x_wconf 83' lang='lat' dir='ltr'>tanti</span> <span class='ocrx_word' id='word_1_73' title='bbox 1442 729 1528 775; x_wconf 81' lang='lat' dir='ltr'>effe</span> 
     </span>
     <span class='ocr_line' id='line_1_10' title="bbox 243 799 1527 864; baseline -0.001 -15"><span class='ocrx_word' id='word_1_74' title='bbox 243 814 432 850; x_wconf 81' lang='lat' dir='ltr'><strong>mortem</strong></span> <span class='ocrx_word' id='word_1_75' title='bbox 461 814 595 848; x_wconf 81' lang='lat' dir='ltr'><strong>tuam.</strong></span> <span class='ocrx_word' id='word_1_76' title='bbox 626 802 711 848; x_wconf 82' lang='lat' dir='ltr'>Sed</span> <span class='ocrx_word' id='word_1_77' title='bbox 744 817 832 847; x_wconf 83' lang='lat' dir='ltr'>non</span> <span class='ocrx_word' id='word_1_78' title='bbox 865 799 945 847; x_wconf 83' lang='lat' dir='ltr'>erit</span> <span class='ocrx_word' id='word_1_79' title='bbox 970 800 1075 847; x_wconf 82' lang='lat' dir='ltr'>huic</span> <span class='ocrx_word' id='word_1_80' title='bbox 1107 799 1364 864; x_wconf 84' lang='lat' dir='ltr'>cogitationi</span> <span class='ocrx_word' id='word_1_81' title='bbox 1390 802 1527 853; x_wconf 80' lang='lat' dir='ltr'>locus,</span> 
     </span>
     <span class='ocr_line' id='line_1_11' title="bbox 244 872 1527 936; baseline 0 -15"><span class='ocrx_word' id='word_1_82' title='bbox 244 874 378 921; x_wconf 75' lang='lat' dir='ltr'>Casus</span> <span class='ocrx_word' id='word_1_83' title='bbox 395 875 470 921; x_wconf 84' lang='lat' dir='ltr'>iste</span> <span class='ocrx_word' id='word_1_84' title='bbox 491 875 627 921; x_wconf 82' lang='lat' dir='ltr'>donat</span> <span class='ocrx_word' id='word_1_85' title='bbox 646 886 823 921; x_wconf 82' lang='lat' dir='ltr'><strong>metum.</strong></span> <span class='ocrx_word' id='word_1_86' title='bbox 846 872 920 919; x_wconf 85' lang='lat' dir='ltr'>Est</span> <span class='ocrx_word' id='word_1_87' title='bbox 946 873 1057 920; x_wconf 84' lang='lat' dir='ltr'>inter</span> <span class='ocrx_word' id='word_1_88' title='bbox 1075 884 1218 920; x_wconf 83' lang='lat' dir='ltr'><strong>cetera</strong></span> <span class='ocrx_word' id='word_1_89' title='bbox 1234 889 1414 936; x_wconf 86' lang='lat' dir='ltr'>quoque</span> <span class='ocrx_word' id='word_1_90' title='bbox 1439 874 1527 921; x_wconf 90' lang='lat' dir='ltr'>hoc</span> 
     </span>
     <span class='ocr_line' id='line_1_12' title="bbox 245 945 1530 1009; baseline 0.001 -17"><span class='ocrx_word' id='word_1_91' title='bbox 245 948 534 993; x_wconf 76' lang='lat' dir='ltr'>commodum</span> <span class='ocrx_word' id='word_1_92' title='bbox 555 945 675 1003; x_wconf 82' lang='lat' dir='ltr'>eius,</span> <span class='ocrx_word' id='word_1_93' title='bbox 705 946 826 1009; x_wconf 84' lang='lat' dir='ltr'>quod</span> <span class='ocrx_word' id='word_1_94' title='bbox 859 946 1231 1007; x_wconf 70' lang='lat' dir='ltr'>exspestationem</span> <span class='ocrx_word' id='word_1_95' title='bbox 1262 955 1379 991; x_wconf 86' lang='lat' dir='ltr'><strong>tuam</strong></span> <span class='ocrx_word' id='word_1_96' title='bbox 1409 960 1530 993; x_wconf 86' lang='lat' dir='ltr'>ante-</span> 
     </span>
     <span class='ocr_line' id='line_1_13' title="bbox 245 1016 1532 1084; baseline -0.002 -17"><span class='ocrx_word' id='word_1_97' title='bbox 245 1019 372 1067; x_wconf 83' lang='lat' dir='ltr'>cedit.</span> <span class='ocrx_word' id='word_1_98' title='bbox 406 1021 449 1066; x_wconf 92' lang='lat' dir='ltr'>N</span> <span class='ocrx_word' id='word_1_99' title='bbox 454 1036 557 1068; x_wconf 82' lang='lat' dir='ltr'>emo</span> <span class='ocrx_word' id='word_1_100' title='bbox 576 1036 770 1084; x_wconf 75' lang='lat' dir='ltr'>unquam</span> <span class='ocrx_word' id='word_1_101' title='bbox 791 1018 957 1067; x_wconf 89' lang='lat' dir='ltr'>fulmen</span> <span class='ocrx_word' id='word_1_102' title='bbox 975 1019 1151 1079; x_wconf 86' lang='lat' dir='ltr'><strong>timuit,</strong></span> <span class='ocrx_word' id='word_1_103' title='bbox 1176 1017 1254 1065; x_wconf 85' lang='lat' dir='ltr'>nifi</span> <span class='ocrx_word' id='word_1_104' title='bbox 1274 1018 1351 1083; x_wconf 85' lang='lat' dir='ltr'>qui</span> <span class='ocrx_word' id='word_1_105' title='bbox 1370 1016 1532 1082; x_wconf 82' lang='lat' dir='ltr'>effugit.</span> 
     </span>
    </p>
   </div>
  </div>
 </body>
</html>
