1730 2870
261 131 355 182 mo
499 114 1299 168 L.ANNAE18ENECAE

715 231 743 240 x

650 272 1023 322 CAPUT
1123 278 1156 322 I.

259 383 579 498 VENTUS
604 445 665 494 est
684 445 824 495 fluens
847 447 933 493 ae'r.
959 446 1152 507 Quidam
1176 447 1236 495 ita
1255 447 1547 497 definierunt:

259 524 426 569 Ventus
453 520 513 567 est
532 521 605 567 ae‘r
630 519 767 567 fluens
795 520 841 566 in
870 536 1004 567 unam
1032 532 1213 583 partem.
1236 522 1356 572 Haec
1385 523 1547 572 defini⁴

256 595 323 642 tio
351 594 531 642 videtur
559 592 807 656 diligentior
828 592 960 656 :quia
981 609 1205 657 nunquam
1235 595 1308 640 ae'r
1338 607 1430 642 tam
1461 584 1547 643 itii-

259 667 437 714 mobilis
456 665 517 713 est
532 698 548 723 ‚
579 681 628 713 ut
647 682 739 712 non
758 665 803 712 in
820 664 962 728 aliqua
979 664 1030 710 fit
1054 665 1303 728 agitatione.
1333 667 1403 714 Sic
1423 680 1547 715 tran-

260 738 444 802 quillum
468 755 587 785 mare
609 736 788 794 dicitur,
809 753 911 783 cum
933 736 1087 784 leviter
1107 751 1447 800 commovetur,
1467 756 1548 789 nec

260 811 307 858 in
329 828 459 859 unam
477 822 648 874 partem
669 809 915 857 inclinatur.
945 811 1094 873 Itaque
1121 809 1154 856 fi
1171 809 1355 874 legeris,

403 921 507 966 Cum
527 920 748 980 placidum
773 918 1044 985 ventisstarec
1065 935 1201 965 mare:
1242 966 1248 970 ,

263 1024 375 1072 scito
408 1024 513 1071 illud
548 1040 640 1071 non
672 1023 814 1082 stare,
848 1023 920 1070 sed
952 1023 1119 1071 succuti
1156 1023 1315 1073 leviter
1342 1041 1354 1072 ε
1382 1038 1427 1074 et
1461 1025 1550 1075 dici

263 1099 543 1162 tranquiilum
560 1133 574 1155 ,
607 1098 708 1161 quia
739 1104 818 1145 ne‘c
839 1097 927 1145 huc
957 1114 1041 1146 nec
1063 1094 1139 1145 illo
1156 1098 1372 1160 impetum
1394 1099 1552 1162 capiat.

265 1174 386 1220 Idem
415 1187 458 1220 et
490 1172 544 1218 de
575 1172 673 1218 a'e're
701 1171 981 1218 iudicandum
1011 1170 1101 1228 est,
1126 1188 1219 1219 non
1239 1171 1326 1220 effe
1357 1189 1552 1236 unquam

265 1245 539 1293 immobilem
559 1279 573 1304 ,
593 1242 756 1290 etiamsi
774 1244 948 1307 quietus
967 1243 1032 1290 fit.
1063 1244 1202 1305 Quod
1230 1260 1282 1290 ex
1305 1245 1393 1292 hoc
1421 1245 1553 1292 intel-

266 1320 373 1383 ligas
391 1319 505 1366 licet.
534 1318 652 1364 Cum
673 1316 735 1364 sol
758 1316 803 1363 in
832 1317 1024 1380 aliquem
1046 1316 1237 1364 clausum
1257 1317 1407 1365 locum
1433 1317 1553 1365 infu-

268 1394 336 1441 sus
370 1391 457 1450 est,
502 1390 703 1438 videmus
734 1391 992 1452 corpuscula
1027 1390 1209 1438 minima
1240 1392 1286 1439 in
1322 1393 1556 1440 adversum

268 1464 377 1511 ferri
398 1499 411 1521 ,
440 1462 522 1509 alia
552 1462 715 1509 sursum
735 1497 749 1520 ,
775 1463 855 1508 alia
882 1462 1114 1520 deorsum,
1140 1464 1261 1511 varie
1286 1464 1555 1511 concursari·
1593 1515 1599 1521 ,

270 1538 341 1586 tia.
369 1535 486 1600 Ergo
506 1551 660 1598 parum
681 1534 912 1597 diligenter
929 1535 1278 1598 comprehendet
1294 1536 1416 1600 quod
1435 1536 1555 1595 vult,

269 1609 347 1673 qui
369 1607 551 1666 dixerit,
572 1606 744 1654 FluE‘tus
762 1605 822 1654 est
840 1606 971 1654 maris
994 1606 1173 1670 agitatio
1193 1624 1204 1653 :
1223 1607 1325 1670 quia
1344 1608 1557 1672 tranquil-

266 1685 363 1731 lum
393 1698 572 1747 quoque
599 1679 794 1744 agitatur.
817 1683 874 1727 At
891 1680 963 1727 ine
982 1681 1152 1729 abunde
1173 1680 1250 1727 fibi
1271 1682 1461 1738 caverit,
1481 1699 1558 1730 cu·
1626 1702 1634 1706 ’

271 1757 338 1804 ius
357 1757 465 1803 haec
493 1752 693 1802 definitio
725 1752 856 1800 fuerit
882 1771 892 1800 :
918 1754 1087 1801 Fludtus
1111 1753 1172 1801 est
1195 1755 1327 1802 maris
1355 1755 1401 1801 in
1424 1771 1556 1802 unam

271 1842 444 1894 partem
474 1828 664 1893 agitatio.
695 1827 763 1876 Sic,
787 1827 832 1874 in
856 1827 936 1875 hac
964 1844 1144 1892 quoque
1163 1845 1210 1875 re
1225 1860 1239 1884 ‚
1271 1829 1326 1877 de
1347 1845 1432 1893 qua
1455 1846 1558 1877 cum

272 1903 465 1950 maxime
485 1901 733 1966 quaerimus
748 1936 761 1958 ,
790 1917 880 1947 non
909 1900 1318 1960 circumscribetur,
1338 1900 1415 1964 qui
1434 1900 1491 1947 ita
1515 1900 1560 1949 se

271 1974 467 2040 gesserit,
486 1987 535 2022 ut
553 1974 669 2021 dicat
688 1990 700 2020 z
718 1976 889 2020 Ventus
910 1971 969 2019 est
988 1971 1127 2020 fluens
1143 1973 1218 2020 aer
1236 1973 1282 2020 in
1303 1989 1434 2020 unam
1454 1988 1558 2034 par-

273 2060 364 2094 tem
386 2063 397 2092 :
417 2059 492 2094 aut
505 2083 517 2106 ,
538 2050 710 2094 Ventus
727 2046 801 2092 aer
814 2045 873 2092 est
892 2045 1032 2093 fluens
1051 2044 1216 2109 impetu
1231 2080 1243 2103 ‚
1263 2058 1335 2092 aut
1358 2045 1426 2092 vis
1445 2045 1560 2092 aeris

273 2121 322 2167 in
338 2138 470 2167 unam
496 2133 664 2183 partem
687 2119 828 2166 euntis
845 2155 859 2177 ‚
887 2132 960 2166 aut
978 2118 1124 2166 cursus
1144 2118 1254 2165 a'e'ris
1273 2118 1420 2182 aliquo
1449 2133 1562 2165 con-

273 2193 458 2241 citatior.
487 2193 589 2241 Scio
620 2193 729 2257 quid
756 2192 1008 2255 responderi
1037 2209 1121 2255 pro
1145 2191 1402 2239 definitione
1427 2191 1561 2238 altera

274 2266 418 2329 poffit.
453 2266 581 2327 Quid
595 2264 762 2313 neceffe
784 2264 845 2311 est
872 2265 1060 2311 adiicere
1085 2277 1148 2323 te,
1176 2264 1221 2310 in
1239 2281 1368 2326 unam
1390 2277 1562 2327 partem

274 2338 415 2384 fluens
433 2341 506 2385 aer
524 2339 542 2385 ?
562 2340 728 2403 Utique
749 2339 866 2385 enim
889 2338 1011 2403 quod
1031 2337 1155 2396 fluit,
1174 2338 1220 2384 in
1239 2355 1370 2385 unam
1391 2347 1561 2399 partem

273 2410 385 2460 fluit.
415 2415 565 2461 Nemo
598 2430 757 2478 aquam
788 2412 925 2462 fluere
951 2412 1083 2472 dicit,
1115 2411 1146 2459 fi
1175 2424 1341 2460 tantum
1372 2410 1486 2458 intra
1514 2409 1558 2457 se
