1730 2870
383 124 669 175 .NATUR.
717 122 1016 183 QUAEST.
1061 121 1177 167 LIB.
1205 121 1255 166 11.
1369 133 1458 183 215

255 234 450 280 XL11.1n
470 231 537 278 his
553 228 691 292 prima
710 229 732 274 f
727 228 849 291 pecie
869 227 899 274 si
918 225 1079 274 intueri
1097 225 1209 273 velis
1221 260 1234 282 ,
1251 236 1363 272 errat
1380 242 1459 272 an-

191 303 376 368 tiquitas.
398 303 521 363 Quid
551 303 667 349 enim
691 312 777 347 tam
804 301 1056 364 imperitum
1085 298 1145 346 est
1165 334 1179 357 ‚
1212 315 1345 362 quam
1363 315 1460 346 cre·

191 376 292 424 dere
315 376 494 422 fulmina
523 392 546 422 e
572 375 760 422 nubibus
785 377 941 423 Iovem
971 373 1170 431 mittere,
1202 371 1427 419 columnas
1445 405 1460 429 ‚

191 448 368 494 arbores
384 483 397 503 ‚
416 447 569 494 statuas
589 447 680 495 suas
699 463 1012 509 nonnunquam
1035 458 1179 509 petere
1193 481 1206 503 ,
1227 457 1293 502 ut,
1311 444 1461 506 impu-

142 542 155 548 ·
190 517 290 564 nitis
310 517 543 582 sacrilegis,
569 518 769 581 percuffis
786 518 968 576 ovibus,
989 518 1169 565 incensis
1197 518 1306 572 aris,
1326 532 1463 579 pecu-

191 591 267 637 des
297 591 497 639 innoxias
533 592 687 649 feriat,
719 604 761 637 et
792 591 845 638 ad
876 591 996 637 suum
1030 589 1254 637 confilium
1288 608 1312 636 a
1353 592 1461 635 Iove

190 664 295 710 deos
314 701 326 719 ,
354 666 470 728 quasi
489 666 533 710 in
552 665 645 727 ipso
668 681 818 727 parum
842 663 1006 710 consilii
1028 662 1105 720 fit,
1130 661 1339 710 advocari
1358 678 1368 706 z
1390 661 1461 706 illa

191 736 299 783 laeta
330 751 372 783 et
404 739 567 801 placata
601 738 686 784 effe
715 735 923 795 fulmina,
949 753 1058 802 quae
1088 735 1203 782 solus
1237 734 1421 781 excutiat
1445 751 1456 779 z

189 811 455 871 perniciosa,
486 810 644 873 quibus
661 809 882 857 mittendis
912 808 1053 854 maior
1081 806 1310 854 numinum
1340 806 1463 852 turha

189 881 421 930 interfuit?
454 883 496 929 Si
516 882 685 946 quaeris
703 899 726 928 a
747 899 846 940 me,
878 881 983 945 quid
1012 880 1189 927 sentiam
1206 912 1221 936 ‚
1251 897 1342 926 non
1368 880 1462 925 exi-

191 955 319 1002 stimo
345 969 434 1003 tam
461 957 636 1003 hebetes
667 955 813 1013 fuiffe,
840 969 887 1001 ut
918 954 1143 1001 crederent
1169 957 1353 1010 Iovem,
1391 964 1467 999 aut

190 1044 283 1074 non
300 1045 461 1092 aequae
480 1029 735 1084 voluntatis,
765 1039 836 1074 aut
856 1039 970 1075 certe
989 1028 1130 1075 minus
1152 1043 1345 1091 paratum
1365 1028 1464 1075 effe.

191 1102 351 1148 Utrum
371 1101 486 1149 enim
505 1119 603 1149 cum
622 1102 759 1149 emisit
776 1101 895 1166 ignes
910 1136 923 1157 ,
949 1100 1104 1164 quibus
1122 1101 1303 1147 innoxia
1324 1102 1467 1163 capita

190 1186 460 1238 percuteret,
490 1175 690 1222 scelerata
709 1175 904 1223 transiret
917 1211 929 1232 ,
947 1188 1018 1221 aut
1038 1175 1179 1220 noluit
1197 1175 1344 1222 iustius
1362 1176 1465 1222 mit-

190 1258 305 1306 tere,
328 1259 399 1294 aut
423 1264 516 1294 non
538 1247 763 1295 successit?
800 1248 921 1308 Quid
936 1264 1045 1311 ergo
1063 1247 1195 1294 secuti
1219 1249 1341 1306 sunt,
1365 1266 1466 1311 cum

190 1320 277 1368 hoc
301 1321 526 1370 dicerent?
547 1322 622 1368 Ad
636 1321 908 1368 coercendos
936 1322 1108 1367 animos
1132 1320 1436 1382 imperitorum
1450 1357 1467 1377 ‚

191 1392 481 1455 sapientiffimi
507 1393 591 1441 viri
614 1392 920 1440 iudicaverunt
943 1393 1240 1441 inevitabilem
1266 1388 1467 1452 metum,

191 1464 384 1527 utsupra
411 1481 494 1512 nos
520 1465 681 1529 aliquid
708 1466 978 1513 timeremus.
1006 1466 1126 1513 Utile
1156 1480 1249 1513 erat
1280 1466 1325 1511 in
1349 1480 1470 1516 tanta

193 1537 370 1584 audacia
390 1538 596 1585 scelerum
615 1538 776 1601 aliquid
796 1538 880 1584 effe
899 1573 913 1595 ‚
940 1539 1171 1586 adversum
1193 1539 1316 1601 quod
1335 1556 1468 1586 nemo

193 1609 269 1656 fibi
297 1610 393 1658 satis
418 1626 574 1673 potens
602 1611 838 1659 videretur.
872 1611 939 1656 Ad
972 1611 1288 1658 conterrendos
1321 1611 1468 1674 itaque

193 1700 270 1730 eos
284 1683 465 1748 ‚quibus
486 1683 735 1731 innocent-ia
755 1683 831 1730 nifi
851 1695 970 1730 metu
989 1700 1079 1729 non
1098 1683 1262 1746 placet,
1281 1683 1469 1746 posuere

193 1757 321 1820 super
345 1768 472 1818 caput
498 1755 718 1802 vindicem
735 1792 748 1813 ‚
768 1768 811 1802 et
830 1756 1008 1818 quidem
1027 1769 1253 1803 armatum.

256 1830 411 1875 XLlll.
440 1830 588 1889 Quare
613 1843 720 1890 ergo
745 1827 791 1873 id
820 1826 989 1874 fulmen
1017 1829 1140 1891 quod
1167 1828 1280 1876 solus
1305 1829 1470 1892 Iupiter

194 1901 354 1959 mittit,
380 1900 590 1965 placabile
619 1899 679 1947 est
702 1917 712 1943 e
740 1901 1031 1963 perniciosum
1053 1901 1123 1956 id,
1154 1902 1207 1947 de
1233 1917 1325 1964 quo
1357 1901 1470 1947 deli-

193 1975 388 2033 beravit,
420 1991 463 2022 et
481 1976 601 2039 quod
623 1976 714 2023 aliis
741 1992 920 2040 quoque
950 1976 1032 2023 diis
1051 1976 1298 2023 auctoribus
1317 1977 1430 2024 misit
1448 1977 1470 2023 ?

195 2046 314 2107 Quia
342 2048 525 2104 Iovem,
553 2048 598 2094 id
633 2048 723 2106 est,
754 2065 898 2112 regem
915 2082 929 2104 ‚
947 2049 1147 2111 prodefl'e
1179 2048 1308 2095 etiam
1329 2049 1469 2095 solum

195 2129 403 2179 oportet,
435 2135 595 2166 nocere
617 2136 707 2166 non
724 2152 738 2174 ,
768 2119 846 2166 nisi
875 2138 975 2168 cum
1005 2120 1199 2184 pluribus
1227 2120 1367 2167 visum
1395 2123 1473 2170 esti.

196 2190 378 2237 Discant
395 2190 482 2237 hoc
498 2191 528 2237 ii
544 2228 559 2248 ,
581 2191 832 2254 quicunque
856 2209 1058 2256 magnam
1088 2192 1328 2254 potentiam
1358 2193 1471 2241 inter

195 2262 395 2309 homines
423 2262 568 2324 adepti
604 2262 724 2319 sunt,
751 2264 839 2310 fine
865 2263 1048 2310 consilio
1072 2280 1151 2310 nec
1182 2263 1346 2313 fulmen
1371 2267 1472 2329 qui-

195 2333 295 2378 dem
319 2333 429 2381 mitti
450 2350 460 2378 :
483 2334 728 2393 advocent,
755 2337 1027 2384 confiderent
1045 2337 1280 2385 multorum
1304 2338 1471 2386 senten-

192 2407 298 2466 tias,
329 2407 484 2470 placita
512 2419 779 2473 temperent,
798 2424 840 2458 et
860 2409 947 2459 hoc
981 2410 1058 2458 fibi
1083 2424 1364 2474 proponant,
1396 2412 1479 2461 ubi.

1100 2486 1145 2533 O
1178 2504 1209 2547 4
