1730 2870
290 136 378 198 156
525 138 574 183 L.
623 134 920 181 ANNAEI
969 134 1322 183 SENECAE

281 243 364 289 effe
384 243 550 290 confilii
571 279 585 299 ,
611 256 655 290 et
681 254 754 290 aut
774 242 876 288 ferri
896 242 1141 291 temeritate
1166 244 1352 307 quadam
1369 280 1383 302 ‚
1407 260 1480 292 aut
1495 262 1570 292 na·
1628 269 1633 273 2

282 328 380 363 tura
404 317 619 363 nesciente
652 316 758 379 quid
784 315 927 364 faciat.
961 319 1108 378 Quam
1139 318 1241 365 utile
1261 317 1475 366 existimas
1494 319 1571 367 ista

280 390 579 453 cognoscere,
617 383 663 436 et*
697 391 827 436 rebus
863 390 1075 437 terminos
1104 393 1309 454 ponere?
1355 409 1566 456 quantum

279 462 405 509 Deus
439 461 567 524 possit
599 478 610 508 =
643 462 868 509 materiam
902 462 992 524 ipse
1039 463 1114 509 fibi
1151 463 1346 523 formet,
1383 482 1437 511 an
1473 467 1570 512 data

282 535 463 583 utatur?
501 548 649 582 utrum
673 536 769 582 idea
800 535 1006 582 materiae
1036 536 1156 599 prius
1186 536 1487 598 superveniat,
1512 554 1567 585 an

280 609 462 655 materia
490 609 647 657 ideae?
678 610 804 656 Deus
835 609 1054 672 quidquid
1093 608 1184 656 vult
1220 609 1404 667 efficiat,
1436 626 1490 660 an
1523 610 1568 655 in

281 680 433 728 multis
455 682 586 729 rebus
619 682 740 729 illum
764 682 981 728 traElanda
1003 680 1238 728 destituant
1260 699 1270 727 :
1298 695 1342 728 et
1364 698 1386 728 a
1407 697 1569 745 magno

277 751 442 801 artifice
463 771 599 816 prave
620 754 874 801 formentur
899 753 1033 799 multa
1051 788 1064 810 ,
1098 769 1189 799 non
1207 752 1310 815 quia
1331 753 1458 800 cessat
1474 770 1539 800 ars
1554 790 1567 809 ,

276 825 353 872 sed
375 827 479 890 quia
503 826 548 873 id
567 827 611 873 in
629 844 722 891 quo
741 838 998 882 exercetur,
1025 826 1147 889 saepe
1177 825 1467 888 inobsequens
1487 828 1569 874 arti

276 897 370 945 est?
411 900 531 946 Haec
562 900 776 964 inspicere
798 932 812 956 ,
853 900 959 946 haec
996 898 1162 946 discere
1181 934 1194 954 ,
1231 899 1297 946 his
1328 899 1533 946 incubare
1553 933 1568 955 ,

279 988 429 1018 nonne
452 973 660 1028 transilire
694 974 753 1020 est
775 972 1086 1020 mortalitatem
1110 973 1226 1019 suam
1246 1008 1259 1031 ,
1280 984 1322 1019 et
1341 973 1385 1018 in
1411 973 1569 1020 melio-

275 1061 371 1091 rem
397 1047 645 1094 transscribi
666 1048 825 1095 sortem
845 1047 862 1094 ?
885 1046 1010 1106 Quid
1037 1046 1114 1092 tibi
1132 1082 1144 1103 ‚
1166 1045 1338 1108 inquis,
1368 1044 1444 1091 ista
1463 1062 1569 1108 pro-

277 1118 466 1165 derunt?
488 1121 532 1166 Si
568 1122 671 1168 nihil
695 1122 810 1167 aliud
827 1158 839 1178 ‚
872 1122 959 1167 hoc
987 1133 1103 1166 certe
1124 1118 1279 1174 sciam,
1309 1119 1462 1166 omnia
1488 1135 1568 1166 an-

274 1189 395 1255 gusta
420 1191 506 1239 effe
523 1229 536 1252 ,
559 1195 728 1241 mensus
757 1195 917 1241 Deum.
949 1193 1030 1238 Sed
1060 1193 1168 1238 haec
1193 1191 1368 1240 deinde.

674 1328 1045 1374 CAPUT
1147 1327 1178 1371 Ι.

282 1407 528 1523 NUNC
560 1475 613 1520 ad
642 1475 917 1537 propositum
947 1475 1125 1523 veniam
1155 1492 1279 1538 opus.
1309 1474 1425 1523 Audi
1457 1477 1564 1540 quid

276 1546 330 1592 de
360 1545 533 1610 ignibus
563 1546 842 1609 philosophia
872 1547 1014 1605 velit,
1050 1564 1163 1610 quos
1195 1548 1270 1593 ae'r
1298 1547 1568 1596 transversos

276 1621 375 1681 agit.
408 1621 570 1682 Magna
601 1620 649 1666 vi
678 1620 775 1667 illos
805 1621 952 1669 excuti
984 1633 1291 1685 argumentum
1322 1621 1414 1679 est,
1444 1623 1567 1686 quod

276 1692 447 1756 obliqui
476 1691 680 1739 feruntur
699 1728 713 1748 ,
750 1706 792 1739 et
821 1695 1078 1757 praerapida
1110 1694 1343 1742 celeritate.
1375 1698 1567 1758 Apparet

275 1766 375 1812 illos
401 1782 493 1812 non
518 1765 580 1813 ire
598 1802 612 1823 ,
647 1766 718 1813 sed
739 1767 912 1829 proiici.
947 1767 1115 1830 ignium
1150 1767 1309 1814 multae
1334 1767 1566 1830 variaeque

276 1839 411 1886 facies
437 1839 545 1885 sunt.
581 1838 832 1886 Aristoteles
866 1842 1090 1904 quoddam
1116 1859 1250 1904 genus
1277 1842 1454 1889 illorum
1475 1843 1565 1888 Ca-

276 1930 399 1976 pram
422 1925 570 1962 vocat.
592 1913 634 1959 Si
656 1930 726 1960 me
742 1913 1110 1979 interrogaveris,
1132 1916 1297 1979 quare?
1319 1917 1440 1979 prior
1457 1916 1565 1962 mihi

277 1987 496 2033 rationem
519 1988 674 2034 reddas
696 2004 878 2051 oportet
894 2026 910 2046 ,
933 2007 1067 2053 quare
1097 1992 1245 2038 Hoedi
1273 2002 1497 2038 vocentur.
1519 1989 1564 2038 Si

273 2074 446 2118 autem,
474 2062 597 2123 quod
618 2062 1023 2109 commodissimum
1051 2064 1137 2122 est,
1168 2064 1427 2112 convenerit
1451 2063 1562 2109 inter

273 2151 356 2181 nos
374 2170 387 2191 ,
418 2150 474 2181 ne
507 2134 613 2180 alter
646 2133 831 2181 alterum
862 2135 1106 2201 interroget
1124 2173 1137 2195 ,
1159 2136 1283 2197 Quid
1311 2136 1419 2183 dicit
1453 2136 1560 2183 ille?

272 2206 403 2255 satius
437 2207 518 2254 erit
538 2208 593 2254 de
624 2224 669 2255 re
700 2208 789 2271 ipsa
808 2226 1016 2272 quaerere
1034 2245 1047 2266 ,
1068 2226 1198 2274 quam
1228 2210 1409 2265 mirari,
1449 2208 1557 2271 quid

272 2282 330 2327 ita
365 2282 615 2331 Aristoteles
654 2284 838 2347 globum
877 2284 986 2349 ignis
1018 2284 1303 2348 appellaverit
1349 2282 1556 2344 Capram.

271 2355 390 2401 Talis
408 2356 489 2403 fuit
510 2356 653 2403 forma
677 2358 767 2404 eius
788 2391 800 2413 ,
822 2359 926 2421 qui,
952 2359 1114 2406 bellum
1134 2357 1338 2405 adVersus
1356 2355 1554 2402 Perseum

267 2428 421 2475 Paullo
449 2446 649 2493 gerente,
680 2432 819 2479 lunari
852 2432 1183 2497 magnitudine,
1218 2429 1430 2495 app-aruit.
1463 2430 1560 2475 Nos
