1730 2870
362 131 628 181 NATUR.
674 128 975 190 QUAEST.
1021 127 1140 175 ΜΒ.
1173 126 1225 173 11.
1346 140 1433 187 ιι,
1486 148 1491 153 «

161 231 468 290 Conssliarium
490 271 506 294 ‚
537 235 847 295 Auctoritatis,
877 246 920 282 et
949 235 1074 298 quod
1097 235 1238 280 Status
1270 231 1442 281 dicitur.

162 311 466 360 Confiliarium
491 321 592 355 ante
620 323 714 354 rem
748 306 826 362 fit,
860 306 932 353 sed
961 303 1058 368 post
1091 302 1439 368 cogitationem:

160 402 264 434 cum
284 382 446 446 aliquid
471 381 518 428 in
547 380 696 428 animo
720 378 1017 434 versantibus,
1042 388 1114 423 aut
1131 376 1334 423 suadetur
1353 374 1440 421 ful-

161 457 292 505 minis
313 456 402 502 iau
417 489 431 510 ,
449 465 521 502 aut
544 453 814 500 diffundetur.
843 449 1123 497 Auctoritatis
1142 448 1203 496 est
1215 486 1231 507 ,
1250 446 1456 512 ubipost

162 547 255 580 rem
285 528 442 576 fastam
467 526 621 584 venit,
646 541 777 590 quam
799 523 988 570 futuram
1009 522 1132 567 bono
1154 520 1329 568 malove
1354 520 1441 584 fig-

162 602 322 650 nificat.
336 603 474 649 Status
487 601 561 657 est,
576 599 649 647 ubi
666 598 838 662 quietis,
856 612 936 643 nec
952 595 1175 659 agentibus
1188 596 1444 659 quidquam,<

162 693 245 724 nec
264 675 551 739 cogitantibus
569 672 746 737 quidem
763 708 776 730 ,
796 670 962 717 fulmen
980 668 1229 715 intervenit.
1251 669 1351 714 Hoc
1369 682 1443 715 avt

163 746 354 796 minatur
367 781 380 804 ‚
402 760 474 809 aut
494 745 736 810 promittit,
755 758 828 791 aut
848 755 1008 791 monet.
1029 744 1132 805 Hoc
1151 741 1444 789 monitorium

164 837 300 870 vocat
323 841 332 868 :
359 822 431 869 sed
452 821 599 869 nescio
631 835 765 883 quare
785 835 877 865 non
899 818 1014 865 idem
1038 817 1118 874 fit,
1154 816 1275 882 quod
1299 814 1445 863 confi-

164 893 349 940 liarium.
371 895 485 940 Nam
506 907 548 940 et
568 892 643 956 qui
660 907 838 949 monet,
859 889 1088 938 confilium
1107 890 1205 937 dat:
1227 888 1299 936 sed
1316 887 1447 934 babet

165 965 357 1030 aliquam
381 966 716 1013 distinetionem.
747 965 939 1029 Ideoque
968 964 1186 1027 separatur
1204 979 1227 1010 a
1244 961 1446 1012 consilia-

166 1040 263 1088 rio:
283 1042 383 1106 quia
404 1042 507 1087 illud
524 1041 670 1088 suadet
688 1038 1008 1102 dissuadetque,
1025 1038 1113 1085 ho'c
1127 1037 1257 1085 solam
1276 1037 1447 1101 impen-

169 1114 308 1162 dentis
321 1115 499 1178 periculi
512 1113 798 1162 evitationem
813 1113 1018 1161 continet.
1036 1115 1100 1160 Ut
1120 1129 1219 1159 cum
1238 1111 1446 1158 timemus

167 1183 313 1247 ignem
332 1198 404 1232 aut
425 1185 622 1233 fraudem
645 1202 669 1231 a
689 1183 922 1248 proximis,
955 1198 1028 1230 aut
1050 1183 1220 1231 insidias
1246 1199 1270 1229 a
1298 1181 1447 1230 {ervis-

168 1258 421 1306 Etiamnum
447 1271 593 1305 tamen
621 1257 749 1303 aliam
781 1256 1103 1304 distinctionem
1134 1248 1355 1321 utriusque
1373 1256 1447 1304 vi-

169 1331 286 1379 deo:
319 1331 627 1379 Confiliarium
653 1331 741 1387 est,
770 1331 894 1394 quod
922 1329 1129 1394 cogitanti
1158 1329 1316 1376 facium
1352 1329 1445 1376 est:

171 1402 484 1458 monitorium,
503 1402 625 1467 quod
643 1401 748 1447 nihil
769 1400 990 1465 cogitanti.
1008 1398 1150 1446 Habet·
1167 1414 1308 1448 autem
1331 1411 1447 1447 utra-

174 1489 257 1536 que
274 1492 342 1523 res
361 1476 477 1523 suam
498 1475 825 1539 proprietatem,
849 1474 1062 1523 Suadetur
1081 1473 1416 1522 deliberantibus
1432 1507 1448 1532 ‚

173 1559 217 1594 at
235 1548 348 1596 ultro
366 1561 614 1597 monentur.

240 1621 336 1667 XL.
368 1624 518 1670 Primo
543 1621 745 1670 omnium
771 1636 864 1667 non
893 1618 988 1666 sunt
1011 1617 1243 1667 fulminum
1274 1635 1450 1683 genera,

176 1694 249 1742 sed
274 1694 650 1757 significationum,
676 1698 788 1742 Nam
814 1693 1043 1740 fulminum
1065 1710 1221 1757 genera
1243 1692 1340 1739 sunt
1356 1692 1454 1749 illa,

178 1768 304 1832 quod
327 1770 543 1828 terebrat,
563 1770 685 1833 quod
712 1768 886 1816 discutit
902 1803 915 1826 ,
948 1768 1074 1832 quod
1099 1766 1195 1814 urit.
1228 1766 1367 1827 Quod
1385 1778 1452 1812 te-

178 1840 353 1897 rebrat,
382 1838 531 1888 subtile
552 1842 611 1889 est
634 1854 676 1888 et
694 1841 971 1898 flammeum,
1006 1839 1075 1887 cui
1109 1856 1185 1902 per
1206 1839 1456 1903 >angustiffi-

179 1928 302 1959 mum
324 1911 427 1974 fuga
447 1909 508 1958 est
523 1946 537 1969 ‚
562 1914 622 1960 ob
640 1914 847 1962 sinceram
863 1924 906 1960 et
924 1929 1077 1975 puram
1099 1912 1298 1959 flammae
1316 1913 1458 1960 tenui-

183 1995 330 2032 tatem.
351 1985 491 2044 Quod
516 1985 704 2048 diffipat,
729 1987 1040 2049 conglobatum
1060 1985 1146 2043 est,
1175 1998 1218 2032 et
1236 1986 1364 2032 babet
1383 1986 1459 2032 ad·-

183 2058 366 2105 mixtam
384 2058 478 2106 vim
499 2057 672 2121 spiritus
694 2060 834 2108 coacti
855 2074 898 2107 et
916 2059 1158 2123 procellofi.
1189 2063 1337 2122 ltaque
1354 2058 1461 2105 illud

184 2132 354 2179 fulmen
379 2149 458 2194 per
476 2132 521 2179 id
538 2132 735 2181 foramen
751 2170 764 2191 ,
793 2134 916 2198 quod
935 2133 1168 2198 ingressum
1189 2132 1272 2191 est,
1290 2131 1402 2179 redit
1419 2146 1463 2179 et

188 2208 352 2255 evadit.
380 2208 520 2271 Huius
539 2208 624 2256 late
644 2209 782 2272 sparsa
800 2211 866 2258 vis
884 2242 899 2266 ‚
921 2210 1086 2272 rumpit
1108 2209 1191 2255 iusta
1204 2245 1219 2266 ,
1253 2225 1344 2254 non
1363 2224 1464 2271 per-
1531 2218 1533 2220 ’

186 2281 323 2330 forat.
344 2282 543 2329 Tertium
564 2283 667 2329 illud
694 2299 852 2346 genus,
880 2284 1002 2347 quod
1032 2283 1143 2338 urit,
1174 2282 1357 2330 multum
1376 2293 1467 2329 ter-

188 2355 284 2402 reni
303 2355 452 2414 habet,
466 2369 508 2402 et
526 2355 698 2418 igneum
715 2354 850 2417 magis
871 2356 928 2401 est
947 2373 1077 2419 quam
1099 2354 1366 2402 flammeum.
1382 2357 1468 2401 Ita-

192 2444 279 2493 que
301 2428 508 2494 relinquit
535 2445 709 2494 magnas
740 2429 911 2493 ignium
930 2442 1085 2493 notas,
1114 2446 1228 2495 quae
1262 2426 1472 2492 percuffis

1171 2505 1216 2549 O
1252 2520 1274 2566 3
