1730 2870
624 99 1143 150 FRAGMENTA.
1256 166 1258 168 v
1433 118 1524 161 411

246 209 393 268 tione,
422 220 643 258 exemtum
672 210 906 267 annulum,
938 208 1056 273 quasi
1084 205 1215 256 alicui
1247 204 1533 267 traditurum,

246 298 481 346 parumper
495 281 676 329 tenuiffe
694 300 704 330 :
725 282 826 331 dein
840 281 982 329 rursus
1000 280 1158 344 aptasse
1171 280 1314 343 digito
1326 314 1340 338 ‚
1357 280 1448 327 &c.

341 408 406 454 A.
430 407 591 454 Gellius
607 442 620 466 ,
636 426 724 470 cap.
742 422 795 455 ΙΙ
810 442 824 465 ,
846 384 916 453 lib.
934 419 1044 455 XII.
1071 406 1191 452 Noc‘i.
1209 405 1471 480 Atticarum..

305 531 467 578 Seneca
485 531 530 578 in
546 531 620 579 lib.
644 531 1080 595 xxl1.Epistolarum
1101 528 1335 577 moralium
1351 545 1456 591 quas
1478 527 1535 574 ad

242 603 455 650 Lucilium
483 602 764 666 composuit,
791 602 1058 651 deridiculos
1091 600 1242 649 versus
1259 602 1317 661 Q.
1336 600 1532 648 Ennium

180 677 184 681 ’
242 676 296 724 de
317 676 520 742 Cethego
538 714 551 736 ,
571 677 756 741 antiquo
772 677 874 725 viro
891 713 906 735 ,
937 674 1089 723 fecisse
1109 674 1193 722 hos
1214 674 1349 723 dicit:

486 803 644 848 Diffus
663 804 756 848 ollis
767 803 1037 863 popularibus
1053 802 1155 846 olim
1172 835 1188 858 ‚

307 875 397 935 Qui
415 891 502 920 tum
525 877 717 921 vivebant
754 877 940 920 homines
955 909 968 929 ‚
988 889 1109 934 atque
1131 889 1277 918 aevum
1297 871 1531 934 agitabam.

300 949 402 994 Flos
421 949 621 993 delibatus
631 949 779 1008 populi
800 943 996 1006 &ficaria
1015 946 1210 989 medulla.

235 1069 301 1117 Ac
320 1070 478 1119 deinde
498 1061 643 1118 scribit
662 1070 717 1117 de
736 1068 886 1116 iisdem
903 1067 1101 1116 versibus
1120 1066 1258 1113 verba
1277 1065 1384 1113 haec
1403 1082 1416 1112 e
1435 1065 1529 1111 Ad-

233 1144 377 1191 miror
409 1145 786 1208 eloquentissimos
819 1146 969 1199 viros,
987 1158 1031 1190 et
1057 1144 1233 1190 deditos
1251 1143 1419 1193 Ennio,
1440 1156 1527 1202 pro

195 1209 198 1213 Δ
232 1218 415 1279 optimis
446 1217 633 1265 ridicula
667 1217 864 1264 laudasse.
913 1217 1080 1264 Cicero
1100 1230 1216 1263 certe
1245 1216 1361 1267 inter
1379 1215 1527 1259 bonos

232 1290 325 1338 eius
339 1292 487 1339 versus
507 1307 547 1338 et
566 1292 648 1338 hos
669 1291 817 1337 refert.
848 1294 994 1353 Atque
1011 1291 1057 1337 id
1079 1291 1207 1336 etiam
1228 1291 1282 1335 de
1302 1289 1527 1334 Cic221mne

232 1365 350 1412 dicit.
370 1367 477 1412 Non
497 1366 663 1423 miror,
683 1365 825 1428 inquit
843 1400 854 1418 ‚
875 1364 999 1410 fuis-ie
1016 1382 1088 1420 Qu:
1110 1366 1190 1409 lios
1205 1363 1351 1408 versui»
1365 1361 1527 1409 scribe-

228 1450 328 1495 ret,
348 1455 449 1485 cum
474 1437 607 1485 fuerit
627 1438 703 1502 qui
733 1439 953 1485 laudare-t:
975 1438 1053 1484 nili
1080 1437 1194 1483 fax-xe
1212 1437 1375 1482 Cicero
1409 1434 1526 1481 sum-

230 1527 328 1557 mus
346 1524 497 1557 orator
517 1512 672 1574 agebat
689 1512 861 1557 causam
881 1512 1000 1557 suam
1018 1548 1030 1567 ‚
1062 1525 1104 1555 et
1129 1511 1301 1556 voizbaz·
1321 1510 1402 1554 hos
1421 1526 1525 1554 ver-

230 1581 297 1628 sus
318 1583 458 1628 videri
489 1584 645 1629 bonos'.
675 1584 810 1629 Paulo
838 1583 962 1646 post:
985 1582 1115 1645 Apud
1147 1582 1288 1643 ipsum
1309 1597 1490 1644 quoque
1507 1616 1523 1638 ‚

229 1656 372 1720 inquit
407 1659 591 1714 Seneca,
613 1657 885 1705 Ciceronem
918 1657 1119 1704 invenies
1153 1656 1283 1701 etiam
1316 1657 1357 1699 in
1394 1654 1523 1717 prosa

230 1730 433 1777 oratione
459 1732 670 1793 quaedam
691 1767 705 1789 ‚
733 1748 789 1778 ex
819 1731 978 1794 quibus
1014 1728 1228 1790 intelligas
1245 1762 1259 1784 ,
1280 1727 1403 1772 illum
1430 1744 1523 1773 non

230 1802 463 1866 perdidisse
483 1819 665 1864 operam
683 1839 694 1860 ‚
714 1803 837 1866 quod
858 1800 1048 1856 Ennium
1077 1800 1191 1864 legit.
1216 1800 1345 1846 Ponit
1364 1799 1522 1846 deinde

229 1892 341 1938 quae
360 1876 476 1938 apud
508 1876 773 1924 Ciceronem
798 1874 1092 1938 reprehendat
1110 1910 1122 1931 ,
1149 1873 1267 1937 quasi
1290 1871 1483 1919 Enniana
1505 1908 1523 1932 ,

228 1949 353 2012 quod
373 1948 430 1996 ita
449 1948 664 2012 scripserit
678 1950 722 1996 in
743 1949 865 1996 libris
883 1950 938 1995 de
954 1947 1197 2011 Republica
1215 1964 1226 1992 x
1244 1949 1306 1994 Ut
1325 1982 1338 2005 ‚
1367 1949 1522 1993 Mene·

228 2020 297 2068 lao
320 2022 483 2069 Laconi
502 2022 584 2069 fuit
604 2022 910 2085 suaviloquens
927 2021 1187 2068 iucunditas.
1213 2034 1274 2077 et,
1291 2019 1413 2082 quod
1430 2018 1518 2066 alio

227 2092 271 2139 in
300 2094 404 2140 loco
437 2095 616 2152 dixerit,
639 2092 1042 2156 Breviloquentiam
1079 2093 1126 2139 in
1160 2093 1352 2139 dicendo
1388 2091 1520 2139 colat.

228 2166 431 2213 Deinde:
457 2168 563 2214 Non
577 2167 656 2215 fuit
671 2201 686 2223 ‚
707 2167 848 2231 inquit
868 2169 1029 2213 Seneca
1048 2202 1062 2224 ,
1093 2165 1322 2213 Ciceronis
1339 2164 1426 2213 hoc
1445 2164 1517 2211 vi-

227 2240 334 2286 tium
356 2276 370 2297 ,
398 2240 468 2287 sed
488 2240 710 2304 temporis.
744 2239 911 2288 necesse
932 2255 1022 2286 erat
1045 2239 1149 2287 haec
1178 2238 1294 2296 dici,
1312 2255 1412 2304 cum
1443 2238 1516 2286 illa

225 2313 479 2376 legerentur.
512 2314 689 2361 Deinde
722 2313 927 2361 adscribit
946 2346 959 2370 ,
990 2313 1257 2360 Ciceronem
1291 2313 1397 2359 baec
1425 2311 1516 2375 ipsa

226 2384 528 2452 interposuisse
547 2388 601 2435 ad
618 2387 911 2454 effugiendam
930 2387 1158 2436 infamiam
1176 2386 1307 2436 nimis
1324 2385 1514 2435 lascivae
