1730 2870
384 151 641 198 NATUR.
693 148 987 209 QUAEST.
1034 148 1256 194 L113.111,
1357 162 1444 210 243

178 274 306 321 quam
329 258 520 304 lucidum
540 256 746 319 quiddam
761 291 773 311 ,
792 256 1120 318 caeruleumque
1137 254 1213 301 sub
1229 252 1323 317 ipso
1338 265 1449 299 ten:-

180 349 290 394 pore
316 330 485 378 effulsit!
522 331 608 377 iam
641 330 881 392 porrigitur
904 342 946 377 et
979 329 1137 392 pallet,
1162 342 1207 376 et
1234 328 1278 373 in
1309 343 1446 373 unum

179 403 376 449 colorem
401 402 697 465 componitur.
731 404 794 447 Ex
818 401 883 446 his
910 416 1041 447 nemo
1067 398 1272 446 morienti
1299 398 1446 445 amico

178 474 356 531 assidet,
400 491 534 521 nemo
570 474 721 520 videre
756 485 946 519 mortem
982 471 1110 534 patris
1144 471 1205 518 sui
1238 470 1443 525 sustinet,

177 562 304 608 quam
337 547 523 608 optavit.
550 544 903 607 Quotusquisque
929 542 1057 589 funus
1076 542 1360 589 domesticum
1389 541 1445 587 ad

176 634 333 680 rogum
354 617 655 681 prosequitur?
677 619 886 670 Fratrum,
907 615 1345 678 propinquorumque
1366 629 1445 659 ex-

176 702 310 736 trema
338 692 445 737 hora
473 692 710 738 deseritur:
733 689 785 735 ad
807 699 1001 734 mortem
1014 687 1136 733 mulli
1158 685 1447 733 concurritur.

177 763 296 809 Nihil
331 764 446 810 enirn
476 764 534 810 est
567 764 643 809 illo
666 760 910 808 formosius.
940 760 1045 805 Non
1074 770 1277 821 tempero
1303 756 1409 804 rni’ni
1428 791 1448 814 ,.

177 837 284 897 quin
310 849 404 882 utar
427 836 643 882 interdum
672 831 911 880 temerariis
928 831 1075 878 verbis
1094 862 1108 885 ‚
1139 841 1182 876 et
1200 828 1446 892 proprieta-

176 908 230 953 tis
246 909 427 954 modum
447 908 670 954 excedam.
691 907 796 953 Non
816 903 908 951 sunt
927 904 979 950 ad
997 903 1204 966 popinam
1225 900 1450 953 dentibus„

176 998 219 1028 et
249 995 403 1030 ventre
423 1018 436 1042 ,
473 998 516 1030 et
540 998 618 1030 ore
659 980 853 1030 contenti
883 997 895 1028 :
925 977 1064 1029 oculis
1099 991 1277 1042 quoque
1307 973 1443 1039 gulosi.

172 1053 280 1099 sunt.

239 1128 364 1173 XlX.
395 1127 477 1173 Sed
506 1138 552 1173 ut
583 1127 634 1173 ad
656 1126 930 1190 propositum
958 1136 1178 1182 revertar,
1212 1123 1358 1185 accipe
1376 1137 1444 1167 ar-

173 1212 426 1262 gumentum
455 1216 466 1244 :
491 1215 687 1261 magnam
718 1200 811 1246 vim
846 1215 1059 1259 aquarum
1085 1199 1130 1244 in
1161 1194 1452 1243 subterraneis

173 1272 349 1327 occuli,
380 1270 567 1318 fertilem
594 1270 831 1316 foedorum
859 1270 937 1315 situ
962 1268 1152 1332 piscium.
1187 1268 1230 1314 Si
1264 1267 1446 1330 quando

171 1345 342 1406 erupit,
373 1343 497 1390 affert
519 1343 662 1389 secum
683 1342 934 1389 immensam
963 1341 1215 1389 animalium
1240 1341 1410 1387 turbam
1431 1374 1446 1395 .,

171 1417 392 1463 horridam
413 1416 597 1478 adspici‚
626 1430 670 1462 et
689 1430 861 1479 turpem
882 1434 931 1463 ac
949 1417 1124 1462 noxiam
1152 1414 1294 1478 gustu.
1311 1414 1445 1460 Certe

173 1507 273 1537 cum
293 1491 338 1536 in
362 1491 488 1536 Caria
507 1490 620 1538 circa
647 1493 891 1554 Lorymam
911 1490 1064 1536 urbem
1090 1489 1188 1537 talis
1212 1488 1445 1536 exsiluisset

171 1562 306 1618 unda,
335 1563 499 1626 periere
525 1564 773 1628 quicunque
806 1563 902 1611 illos
934 1565 1114 1610 ederant
1142 1563 1307 1626 pisces,
1331 1579 1445 1626 quos

172 1634 328 1697 ignoto
349 1650 446 1682 ante
472 1653 572 1682 eum
594 1637 709 1683 diem
740 1636 868 1683 coelo
899 1652 1040 1682 novus
1074 1634 1212 1681 atmiis
1243 1634 1443 1682 ostendit.

171 1709 265 1754 Nec
285 1707 329 1753 id
350 1708 519 1754 mirum.
541 1711 671 1755 Erant
693 1709 807 1755 enim
835 1708 1007 1771 pinguia
1027 1721 1068 1753 et
1097 1707 1294 1764 differta,
1321 1721 1368 1754 ut
1387 1724 1444 1754 ex

171 1780 307 1843 longo
323 1781 420 1826 otio
434 1815 446 1835 ‚
465 1796 649 1843 corpora
674 1795 684 1824 :
707 1791 899 1826 ceterum
920 1779 1197 1827 inexercitata
1211 1811 1229 1834 ‚
1261 1791 1302 1826 et
1318 1780 1362 1825 in
1379 1792 1442 1826 te-

170 1853 315 1899 nebris
341 1852 524 1915 saginata
541 1889 555 1908 ,
580 1867 623 1898 et
650 1853 757 1900 lucis
782 1853 977 1916 expertia
994 1885 1008 1907 ‚
1034 1870 1088 1899 ex
1115 1868 1202 1915 qua
1225 1852 1444 1900 salubritas

171 1923 351 1969 ducitur.
389 1924 516 1971 Nasci
542 1940 683 1971 autem
720 1926 842 1988 posse
875 1926 1008 1988 pisces
1041 1925 1085 1971 in
1121 1924 1198 1971 illo
1229 1938 1446 1970 terrarum

171 1997 395 2059 profundo
412 2034 427 2054 ‚
459 1998 509 2044 sit
538 1998 747 2045 indicium
766 2036 779 2058 ‚
810 2001 935 2062 quod
955 1999 1161 2063 anguillae
1179 2013 1362 2062 quoque
1386 1999 1443 2044 la-

171 2068 351 2115 tebrofis
369 2069 477 2117 locis
497 2072 748 2127 nascuntur,
765 2072 910 2137 gravis
927 2085 969 2119 et
990 2072 1076 2134 ipse
1096 2072 1218 2120 cibus
1236 2070 1298 2117 ob
1324 2071 1445 2133 igna-

170 2142 286 2186 viam
307 2176 322 2197 ‚
351 2142 498 2205 utique
519 2143 547 2188 fi
573 2144 757 2191 altitudo
780 2145 869 2191 illas
901 2144 976 2191 luti
1000 2144 1171 2207 penitus
1202 2143 1441 2189 abslcondit.

170 2213 311 2259 Habet
343 2230 449 2276 ergo
482 2231 572 2262 non
601 2228 766 2262 tantum
802 2233 937 2264 venas
967 2232 1176 2278 aquarum
1209 2226 1354 2272 terra,
1388 2230 1443 2260 ex

169 2286 325 2347 quibus
345 2286 574 2334 corrivatis
594 2287 776 2334 flumina
794 2289 905 2336 effici
921 2289 1122 2350 possunt,
1147 2286 1217 2334 sed
1237 2300 1279 2333 et
1296 2303 1451 2334 amnes¹

170 2358 483 2420 magnitudinis
508 2359 649 2405 vastae
668 2375 886 2421 :quorum
904 2361 993 2406 aliis
1012 2360 1180 2422 semper
1201 2359 1246 2406 in
1263 2360 1451 2406 occulto«

169 2431 314 2479 cursus
351 2431 440 2491 est,
465 2432 606 2496 donec
639 2432 787 2497 aliquo
810 2431 901 2480 sinu
935 2434 1237 2483 devorentur:
1268 2431 1339 2480 alii
1365 2432 1449 2480 sub

1123 2505 1229 2567 Q}
