1730 2870
364 121 620 170 NATUR.
670 119 967 181 QUAEST.
1011 119 1129 166 [ΑΒ.
1165 120 1212 166 11.
1338 133 1426 182 207

156 226 320 275 urentis
343 225 506 273 effudit.
535 226 768 272 Involutus
787 225 848 272 est
874 225 964 272 dies
985 225 1195 286 pulvere,
1218 225 1430 288 populos-

157 318 244 363 que
272 300 409 347 subita
437 316 527 345 nox
556 298 722 346 terruit.
757 298 837 345 1110
864 312 1063 360 tempore
1101 299 1220 345 aiunt
1252 298 1435 361 plurima

158 371 284 419 fuifl‘e
320 370 516 418 tonitrua
551 381 593 416 et
638 369 852 416 fulmina:
890 385 1000 432 quae
1038 368 1253 416 concursu
1289 368 1436 415 arido-

157 436 518 504 rum⁷corporum
549 442 654 488 fasta
674 441 793 500 sunt,
820 457 909 487 non
942 441 1152 488 nubium:
1188 458 1293 504 quas
1313 441 1430 490 veri-

157 515 291 562 fimile
313 515 374 561 est
392 551 405 571 ,
429 514 472 560 in
497 526 618 561 tanto
642 513 815 561 fervore
847 513 983 569 aeris,
1014 515 1148 561 nullas
1176 513 1314 561 fuisse.
1336 515 1434 572 Ali-

156 586 335 648 quando
356 585 597 649 Cambyses
621 586 675 631 ad
710 589 978 630 Ammonem
1016 585 1128 632 misit
1159 585 1428 632 exercitum:

155 675 287 721 quem
317 676 443 705 arena
478 659 635 705 Austro
663 671 810 718 mota,
835 670 878 705 et
909 674 1033 704 more
1059 657 1174 705 nivis
1201 658 1427 720 incidens,

155 732 296 790 texit,
332 735 490 780 deinde
527 734 687 780 obruit.
729 735 859 779 Tunc
898 749 1078 796 quoque
1120 731 1336 779 versimile
1370 732 1432 779 est

155 804 281 851 fuisse
301 807 492 853 tonitrua
517 807 783 869 fulminaque
802 842 815 864 ,
840 805 986 852 attritu
1015 821 1167 852 arenae
1197 805 1284 854 sese
1315 805 1435 852 affri-

157 880 306 926 cantis.
337 882 442 927 Non
472 893 682 945 repugnat
717 879 944 943 propofito
975 879 1126 927 nostro
1151 879 1228 926 ista
1260 881 1432 944 opinio.

158 951 367 1000 Diximus
406 954 522 999 enim
548 989 561 1011 ‚
597 952 822 1015 utriusque
857 967 1030 999 naturae
1067 969 1257 1015 corpora
1285 953 1430 1001 efflare

156 1040 288 1072 terras
308 1060 322 1081 ‚
349 1036 392 1071 et
421 1025 521 1072 ficei
545 1025 706 1087 aliquid
740 1038 782 1072 et
812 1025 982 1071 humidi
1016 1025 1060 1070 in
1087 1037 1186 1071 toto
1219 1026 1318 1072 aere
1349 1042 1431 1070 va-

154 1097 257 1158 gari.
297 1098 446 1158 Itaque
483 1096 512 1141 fi
545 1096 650 1158 quid
697 1097 781 1142 tale
819 1096 1084 1154 intervenit,
1126 1098 1288 1143 nubem
1324 1096 1431 1143 facit

155 1169 407 1216 solidiorem
432 1169 798 1232 craffioremque‚
831 1186 962 1232 quam
986 1170 1016 1216 fi
1043 1181 1209 1217 tantum
1246 1169 1430 1233 simplici
1455 1227 1460 1235 Ι

153 1240 302 1302 spiritu
335 1240 613 1288 intexeretur.
679 1242 753 1288 Illa
777 1242 915 1306 frangi
942 1242 1098 1305 potest,
1125 1254 1168 1288 et
1198 1242 1326 1288 edere
1362 1243 1433 1289 so-

156 1330 293 1360 num:
323 1313 398 1359 issa
437 1331 544 1376 quae
576 1313 697 1372 dixi,
734 1314 823 1359 five
863 1314 1074 1361 incendiis
1116 1315 1429 1378 vaporantibus

157 1387 256 1432 a'e'ra
284 1386 563 1448 repleverunt
580 1421 593 1442 ,
617 1385 704 1432 five
721 1386 864 1433 ventis
881 1400 1012 1433 terras
1033 1388 1330 1445 verrentibus,
1354 1405 1433 1434 ue-

156 1458 266 1506 ceffe
299 1459 359 1505 est
387 1459 548 1506 nubem
586 1459 744 1507 faciant
779 1471 1008 1523 antequam
1044 1460 1209 1507 sonum.
1257 1461 1432 1506 Nubem

155 1545 299 1577 autem
326 1544 411 1577 tam
436 1533 553 1578 arida
579 1548 707 1595 quam
730 1532 906 1578 humida
925 1531 1173 1580 conferunt.
1198 1531 1270 1579 Est
1287 1549 1434 1580 autem

156 1604 292 1648 nubes
319 1602 398 1667 (ut
424 1602 640 1666 diximus)
669 1604 894 1665 spissitudo
917 1604 1029 1650 aeris
1056 1603 1193 1650 craffi.

220 1677 394 1723 XXXI.
429 1678 634 1723 Ceterum
668 1676 777 1722 mira
803 1675 1025 1734 fulminis,
1052 1676 1083 1722 fi
1112 1676 1270 1723 intueri
1301 1676 1433 1736 velis,

156 1764 290 1810 opera
314 1748 434 1803 sunt,
472 1765 552 1794 nec
575 1746 815 1810 quidquam
843 1748 962 1795 dubii
989 1748 1299 1812 relinquentia,
1327 1751 1434 1813 quin

156 1821 306 1868 divina
334 1821 431 1868 insit
462 1821 541 1867 illis
572 1833 615 1867 et
641 1821 803 1868 subtilis
831 1822 1040 1884 potentia.
1069 1823 1244 1869 Loculis
1262 1823 1435 1886 integris

154 1911 205 1940 ae
239 1894 386 1940 illaesis
409 1893 624 1941 conflatur
646 1908 885 1957 argentum.
916 1897 1123 1941 Manente
1143 1894 1324 1957 vagina,
1342 1897 1435 1958 gla-

156 1966 252 2012 dius
271 1965 479 2027 liquescit.
515 1969 569 2012 Et
588 1967 804 2013 inviolato
832 1968 953 2030 liguo
973 2003 986 2024 ‚
1010 1966 1125 2014 circa
1153 1967 1238 2030 pila
1269 1967 1434 2015 ferrum

153 2054 286 2083 omne
302 2037 484 2085 distillat.
502 2040 590 2085 Stat
613 2038 749 2085 frailo
769 2039 892 2085 dolio
912 2040 1089 2096 vinum,
1112 2057 1192 2086 nec
1213 2041 1323 2085 ultra
1350 2040 1435 2085 tri-

155 2110 290 2155 duum
317 2110 438 2172 rigor
471 2110 541 2156 ille
575 2111 715 2157 durat.
748 2112 857 2157 Illud
880 2128 1015 2175 aeque
1045 2112 1158 2158 inter
1185 2111 1431 2157 annotanda

154 2198 291 2246 ponas
320 2182 418 2228 licet
438 2218 450 2240 ‚
485 2185 606 2245 quod
634 2198 678 2232 et
706 2186 955 2243 hominum,
987 2198 1029 2232 et
1064 2199 1312 2232 ceterorum
1337 2186 1430 2233 ani-

153 2254 334 2301 malium
363 2272 474 2318 quae
495 2256 578 2302 icta
606 2256 722 2315 sunt,
751 2273 881 2320 caput
904 2259 1058 2320 spectat
1083 2259 1138 2303 ad
1155 2257 1317 2303 exitum
1345 2257 1435 2304 ful·

153 2327 305 2374 minis:
345 2328 467 2390 quod
498 2329 698 2374 omnium
728 2331 1022 2392 percuffarum
1041 2331 1247 2377 arborum
1278 2344 1433 2377 contra

152 2402 336 2450 fulmina
356 2401 544 2451 hastulae
564 2403 754 2467 surgunt.
785 2404 936 2467 Quid,
963 2404 1084 2468 quod
1112 2404 1329 2455 malorum
1348 2405 1435 2459 set,-
