1730 2870
298 113 392 168 352
556 106 606 154 L.
651 106 948 162 ANNAEi
998 107 1360 157 SENECAE

294 210 491 271 efflavit,
521 229 621 260 cum
656 211 702 260 in
721 231 856 260 unum
887 214 1015 273 coit,
1049 215 1136 278 ipsa
1162 217 1378 265 discordia
1415 232 1580 284 corpo*

284 301 388 332 tum
409 319 422 341 ,
455 285 648 347 spiritum
693 287 835 334 versat
869 286 915 333 in
952 289 1188 337 turbinem.
1224 292 1355 338 Tunc
1387 292 1456 338 illa
1508 296 1583 341 vis

290 360 415 407 venti
434 359 745 407 circumeuntis
761 361 977 424 quidquid
995 362 1105 408 intra
1131 363 1172 410 se
1202 366 1579 428 comprehendit„

289 432 419 479 cursu
437 431 516 478 suo
535 432 757 491 accendit,
781 448 824 480 et
841 434 956 480 levat
973 433 1020 480 in
1044 435 1176 483 altum
1195 454 1207 483 ε
1224 452 1275 486 ac
1291 451 1379 486 tam
1398 439 1472 486 diu
1489 457 1582 487 ma*

292 516 368 552 net
386 504 593 566 splendor
614 505 725 568 ignis
744 505 954 567 expreffi,
985 506 1198 569 quamdiu
1231 510 1435 559 alimenta
1464 513 1581 559 suffi-

291 575 416 623 ciunt
434 592 445 620 ε
465 575 624 639 quibus
643 575 932 624 desinentibus
951 612 965 636 ,
989 592 1032 624 et
1053 577 1142 641 ipse
1172 572 1360 630 subsidit.
1379 583 1472 644 Qui
1492 583 1580 631 hoc

291 649 400 696 dicit
416 685 429 707 ‚
464 665 557 696 non
575 661 698 697 notat
715 649 853 713 qualis
870 650 921 696 fit
933 650 1155 698 turbinum
1172 654 1317 701 cursus
1331 690 1345 712 ,
1375 667 1419 702 et
1441 657 1580 719 qualis

292 722 597 769 Cometarum.
631 722 809 768 Illorum
847 721 1024 785 rapidus
1042 739 1093 771 ac
1123 724 1372 786 violentus,
1406 739 1450 775 et
1481 728 1579 792 ipfis

288 794 435 842 ventis
469 794 647 842 citatior
683 794 778 842 est:
808 794 1098 843 Cometarum
1127 796 1264 845 lenis:
1287 810 1330 845 et
1359 801 1483 862 quod
1502 818 1578 863 per

289 868 407 914 diem
427 881 472 914 et
488 868 663 915 nociem
678 880 889 932 quantum
908 868 1143 925 transierit,
1168 870 1419 920 abscondat.
1436 874 1576 921 Dein-

283 942 344 987 de
362 942 587 989 turbinum
603 956 753 990 motus
767 959 906 1007 vagus
923 943 984 989 est
1003 956 1047 991 et
1066 943 1266 993 disieffiis
1283 975 1298 1001 ,
1319 945 1395 1012 et(
1415 962 1462 995 ut
1481 949 1574 995 Sal-

282 1013 397 1061 lustii
423 1027 517 1061 utar
557 1013 738 1078 verbis)
785 1016 1026 1064 verticosus
1046 1034 1057 1064 :
1099 1018 1386 1065 Cometarum
1430 1034 1574 1067 autem

282 1087 586 1150 compositus,
623 1099 667 1135 et
699 1086 958 1135 destinatum
990 1087 1072 1136 iter
1108 1105 1299 1152 carpens.
1325 1090 1444 1136 Num
1476 1092 1574 1154 quis

282 1160 483 1208 nostrum
512 1161 744 1217 crederet,
784 1173 857 1208 aut
887 1162 1037 1208 lunam
1058 1197 1072 1218 ‚
1103 1173 1176 1208 aut
1207 1162 1401 1226 quinque
1436 1162 1574 1210 sidera

276 1233 378 1295 ,rapi
397 1248 537 1299 vento
551 1269 567 1291 ,
592 1248 668 1281 aut
686 1234 859 1280 turbine
879 1234 1015 1281 rotari
1037 1234 1056 1281 ἓ
1090 1236 1194 1281 Non
1210 1270 1222 1293 ,
1244 1248 1428 1298 utputo.
1448 1237 1572 1295 Qua-

282 1324 330 1354 re
352 1307 370 1354 ?
392 1301 492 1371 quia
512 1324 602 1354 non
620 1307 681 1354 est
703 1307 784 1355 illis
805 1308 1079 1370 perturbatus
1097 1323 1140 1354 et
1161 1309 1382 1370 impotens
1411 1308 1570 1356 cursus.

278 1380 351 1426 Ad
370 1380 582 1427 cometas
599 1380 716 1427 idem
736 1379 1056 1427 transferamus.
1076 1380 1183 1426 Non
1201 1379 1383 1426 confuse
1401 1397 1482 1427 nec
1503 1394 1572 1426 tu-

277 1454 499 1502 multuose
526 1464 663 1518 eunt,
693 1469 741 1500 ut
771 1453 924 1516 aliquis
948 1454 1095 1500 credat
1129 1453 1230 1500 illos
1256 1453 1389 1500 causis
1418 1455 1569 1501 turbu-

280 1527 408 1574 lentis
438 1540 481 1575 et
498 1526 846 1574 inconstantibus
864 1526 981 1590 pelli.
1002 1527 1181 1575 Deinde
1198 1526 1363 1573 etiamsi
1383 1527 1569 1574 vertices

276 1599 345 1645 isti
364 1599 744 1661 comprehendere
767 1612 937 1646 terrena
957 1599 1227 1661 humidaque
1242 1633 1255 1656 ,
1274 1611 1318 1646 et
1337 1615 1391 1644 ex
1411 1598 1566 1645 humili

276 1670 321 1716 in
344 1671 478 1717 altum
500 1671 748 1733 exprimere
768 1670 939 1733 poffent
959 1688 970 1717 :
999 1686 1088 1717 non
1110 1685 1254 1716 tamen
1273 1669 1397 1732 supra
1414 1670 1564 1717 lunam

273 1745 496 1793 efferrent.
530 1745 691 1792 Omnis
716 1745 795 1791 illis
817 1745 951 1807 usque
969 1744 1013 1790 in
1043 1743 1240 1790 nubilum
1268 1743 1335 1790 vis
1362 1743 1434 1790 est.
1472 1745 1565 1790 Co·-

272 1833 409 1867 metas
437 1831 583 1867 autem
608 1820 836 1866 immixtos
853 1819 983 1867 stellis
1012 1818 1212 1866 videmus
1233 1836 1312 1882 per
1338 1818 1561 1880 superiora

268 1891 473 1938 labentes.
507 1893 630 1954 Ergo
652 1891 885 1938 verilimile
904 1908 995 1938 non
1015 1889 1075 1937 est
1090 1921 1104 1946 ,
1126 1891 1170 1936 in
1189 1902 1359 1938 tantum
1380 1889 1562 1952 spatium

268 1965 552 2029 perseverare
574 1965 822 2014 turbinem:
848 1965 924 2029 qui
953 1980 1045 2029 quo
1070 1964 1214 2012 maior
1241 1964 1328 2020 est,
1355 1964 1563 2011 maturius

273 2039 586 2100 corrumpitur.

334 2111 413 2157 lX.
435 2109 704 2158 Utrumlibet
718 2110 865 2173 itaque
884 2109 1012 2173 eligat
1031 2126 1042 2157 z
1061 2125 1136 2157 aut
1154 2107 1223 2158 vis
1241 2108 1354 2156 levis
1375 2120 1462 2155 tarn
1480 2108 1560 2155 alte

266 2181 502 2244 pervenire
528 2198 618 2228 non
643 2181 837 2244 poterit,
865 2195 937 2228 aut
955 2199 1112 2245 magna
1132 2194 1175 2228 et
1201 2183 1418 2230 concitata
1436 2181 1560 2228 citius

264 2254 356 2315 ipsa
375 2254 416 2301 se
436 2253 617 2318 franget.
647 2256 876 2302 Praeterea
896 2254 1152 2302 humiliores
1174 2255 1234 2301 illi
1259 2255 1472 2301 Cometae
1494 2253 1556 2299 ob

261 2326 353 2374 hoc
381 2328 450 2388 (ut
471 2325 647 2390 putant)
674 2344 764 2373 non
797 2342 958 2374 exeunt
980 2327 1124 2385 altius,
1150 2327 1251 2391 quia
1279 2327 1377 2390 plus
1401 2325 1558 2373 terreni

261 2398 437 2453 habent.
468 2399 672 2452 Gravitas
701 2399 801 2449 illos
830 2399 901 2450 sua
926 2399 972 2449 in
1010 2399 1222 2464 proximo
1257 2411 1387 2450 tenet.
1423 2397 1555 2462 Atqui
