1730 2870
354 118 594 166 NATUR.
635 115 930 176 QUAEST.
977 115 1100 161 Llss.
1134 116 1166 160 1.
1302 131 1383 178 ¹73

123 223 231 270 lum.
266 223 378 268 Nam
405 237 503 268 cum
528 220 573 265 in
592 219 685 282 ipso
709 219 846 266 fundo
868 219 1002 266 iaceat
1027 218 1208 266 annulus
1225 253 1238 276 ,
1258 217 1390 266 facies

124 295 216 341 eius
237 294 281 340 in
300 295 469 348 summo
489 309 624 355 aquae
642 291 847 338 redditur.
867 292 1096 354 Quidquid
1118 292 1291 338 videtur
1311 308 1389 354 per

126 367 373 422 humorem,
392 364 522 427 longe
539 364 722 427 amplius
740 379 850 410 vero
868 363 940 410 est.
961 363 1080 424 Quid
1101 364 1258 410 mirum
1270 399 1285 421 ‚
1302 379 1393 409 ma-

127 439 266 485 iorem
294 437 416 485 reddi
448 437 678 501 imaginem
706 435 836 493 solis,
866 453 975 499 quae
1003 436 1046 482 in
1075 437 1187 484 nube
1215 437 1394 484 humida

129 510 308 568 visitur,
331 527 429 556 cum
461 510 513 557 de
540 509 672 557 causis
701 508 864 555 duabus
894 508 981 555 hoc
1001 508 1196 556 accidat?
1229 509 1329 571 quia
1350 509 1396 556 in

131 582 246 628 nube
277 581 338 627 est
363 581 524 644 aliquid
554 581 670 628 vitro
693 579 852 636 fimile,
880 581 1001 642 quod
1032 579 1170 642 potest
1199 575 1398 642 perluce=

128 669 203 712 re,
233 653 292 700 est
322 654 483 718 aliquid
509 665 550 700 et
580 668 714 716 aquae
741 667 752 695 ε
779 668 910 714 quam
941 650 970 697 fi
1002 653 1199 697 nondum
1229 652 1392 710 habet,

127 739 271 773 tamen
287 727 371 773 iam
390 740 567 790 apparet
592 725 680 773 eius
705 735 881 784 natura,
908 724 952 770 in
970 741 1098 790 quam
1123 741 1178 771 ex
1207 723 1278 770 sua
1295 741 1396 775 ver<

129 810 254 846 tatur.

193 876 286 919 Vll.
321 873 573 934 Quoniam,
603 870 773 936 inquis,
801 869 902 918 vitri
930 869 1069 918 fecisti
1100 870 1368 918 mentionem
1380 881 1402 931 ‚'

118 953 183 993 'ex
226 945 314 992 hoc
354 945 450 1008 ipso
491 959 640 992 contra
669 957 712 990 te
743 956 1044 1007 argumentum
1081 943 1259 989 sumam.
1291 945 1397 989 Vir-

129 1019 229 1082 gula
257 1019 365 1066 solet
390 1018 484 1065 fieri
512 1019 670 1075 vitrea,
704 1017 843 1064 stri&a
863 1053 875 1075 ,
908 1017 979 1064 vel
1008 1017 1201 1081 pluribus
1228 1018 1399 1081 angulis

120 1091 173 1136 ‘in
200 1089 381 1136 modum
402 1090 549 1136 clavae
577 1087 751 1135 torosa:
780 1089 886 1136 haec
911 1087 940 1133 fi
970 1104 1022 1134 ex
1048 1088 1291 1135 transverso
1321 1089 1397 1135 so-

128 1163 214 1209 lem
233 1162 633 1224 accipit5colorem
658 1162 788 1208 talem
812 1146 945 1224 qtialis
973 1162 1016 1207 in
1041 1178 1143 1209 arcu
1162 1162 1305 1209 videri
1324 1162 1398 1208 so-'

125 1235 214 1291 let,
243 1235 382 1281 reddit
412 1253 422 1281 ε
450 1249 496 1282 ut
523 1235 627 1282 scias
657 1234 727 1282 hic
759 1251 849 1281 non
878 1234 1111 1298 imaginem
1146 1234 1247 1281 solis
1277 1233 1395 1292 effe2

127 1306 198 1352 sed
225 1307 385 1353 coloris
407 1307 697 1353 imitationem
723 1323 776 1353 ex
794 1305 1054 1368 repercussu.
1085 1309 1134 1353 In
1156 1306 1245 1354 hoc
1273 1323 1398 1370 argu-

128 1393 278 1427 mento
307 1380 440 1426 multa
465 1380 559 1427 sunt
591 1396 674 1443 pro
704 1396 787 1426 me.
819 1380 1015 1427 Primum
1031 1415 1046 1438 ‚
1069 1380 1193 1443 quod
1218 1392 1398 1442 apparet

127 1452 336 1515 quiddam
360 1453 483 1499 laeve
503 1451 587 1498 effe
612 1453 789 1507 debere,
813 1451 945 1498 fimile
972 1451 1168 1514 speculo,
1189 1452 1309 1514 quod
1328 1452 1397 1498 so—

127 1526 212 1572 lem
239 1525 525 1586 repercutiat:
547 1524 728 1580 deinde,
751 1526 874 1588 quod
897 1537 1074 1588 apparet
1100 1542 1190 1572 non
1215 1524 1309 1572 fieri
1331 1526 1400 1572 ul-

125 1598 217 1644 lum
243 1598 439 1645 colorem
455 1633 468 1655 ‚
497 1597 568 1643 sed
598 1597 781 1659 speciem
806 1598 890 1644 falfi
919 1598 1109 1657 coloris,
1129 1599 1300 1661 qualem
1326 1598 1400 1661 (ut

128 1668 249 1732 dixi)
276 1669 575 1715 columbarum
602 1669 752 1715 cervix
772 1685 814 1715 et
840 1670 967 1716 sumit
994 1681 1036 1715 et
1049 1670 1212 1732 ponit,
1243 1683 1399 1717 utcun-

127 1758 213 1803 que
228 1740 482 1787 defleffitur.
497 1741 583 1787 hoc
597 1754 741 1787 autem
759 1754 799 1787 et
819 1741 863 1786 in
878 1741 1055 1803 speculo
1072 1740 1151 1797 est,
1168 1741 1289 1789 cuius
1307 1745 1398 1789 nul-

126 1813 192 1858 lus
223 1812 397 1859 videtur
428 1813 580 1869 color,
627 1812 698 1858 sed
730 1812 944 1859 simulatio
976 1813 1190 1875 quaedam
1232 1815 1397 1862 coloris

128 1884 270 1930 alieni.
296 1886 445 1929 Unum
477 1897 621 1929 tamen
654 1884 739 1930 hoc
767 1882 1023 1929 solvendum
1052 1884 1135 1941 est,
1163 1887 1284 1947 quod
1305 1903 1405 1933 non„

128 1957 278 2005 visitur
302 1957 345 2003 in
369 1958 438 2003 illa
464 1957 630 2020 virgula
656 1956 756 2003 solis
782 1958 953 2019 imago,
973 1958 1094 2004 cuius
1120 1959 1229 2005 bene
1248 1958 1397 2021 expli-2

127 2033 310 2079 mendae
339 2048 473 2093 capax
498 2049 586 2077 non
613 2031 683 2078 est.
715 2035 774 2078 Ita
799 2044 981 2079 conatur
1006 2033 1182 2096 quidem
1213 2035 1396 2080 reddere

129 2105 361 2167 imaginem
380 2139 394 2161 ,
425 2105 525 2167 quia
557 2105 691 2152 laevis
720 2104 779 2151 est
810 2105 1013 2162 materia,
1045 2118 1087 2150 et
1117 2107 1171 2150 ad
1200 2105 1286 2151 hoc
1318 2106 1397 2151 lia-

127 2177 224 2225 bilis
245 2195 254 2221 :
278 2176 348 2222 sed
380 2194 468 2222 non
502 2177 671 2239 potest,
706 2177 807 2239 quia
835 2177 1074 2222 enormiter
1103 2177 1211 2222 facia
1242 2177 1313 2229 est,
1350 2178 1397 2226 Si

128 2263 228 2313 apte
246 2244 448 2296 fabricata
467 2251 600 2306 foret,
617 2250 800 2296 totidem
826 2250 1024 2296 redderet
1042 2250 1175 2307 soles,
1193 2264 1303 2312 quot
1324 2251 1396 2296 ha·

127 2321 281 2369 buiffet
308 2322 544 2367 insecluras.
574 2323 700 2381 Quae
728 2321 828 2384 quia
853 2337 943 2365 non
964 2320 1263 2367 discernuntur
1281 2322 1393 2370 inter

130 2393 173 2443 se
186 2427 202 2453 ,
219 2409 310 2441 non
331 2393 425 2443 satis
442 2393 486 2440 in
511 2393 655 2443 vicem
685 2391 845 2455 speculi
869 2392 1009 2440 nitent
1033 2409 1043 2438 :
1065 2391 1273 2445 inchoant
1299 2408 1395 2448 tant
