1730 2870
228 125 320 187 36'6
484 119 533 172 L.
579 121 877 170 ANNAEI
929 120 1280 174 SENECAE

226 229 483 292 potentiam.
507 230 614 275 Non
632 226 773 276 deerit
786 224 863 292 qui
876 227 1124 293 sanguinem
1142 231 1257 277 dicat
1269 263 1284 286 ,
1302 225 1376 294 qui
1393 226 1510 278 caio·-

227 319 335 349 rem.
356 303 479 347 Adeo
498 302 648 347 animo
668 316 760 348 non
777 302 920 364 potest
931 302 1096 365 liquere
1113 305 1168 351 de
1186 304 1340 351 ceteris
1352 305 1478 351 rebus
1495 335 1510 362 -,

226 388 276 421 ut
293 373 536 435 adhuc‘ipse
553 373 593 420 se
608 387 795 437 quaerat.

252 482 255 485 -
296 448 448 493 XXV.
480 448 602 506 Quid
622 460 730 510 ergo
757 448 969 494 miramur
983 484 997 506 ‚
1015 443 1247 504 Cometes,
1263 460 1349 495 tam
1368 461 1514 495 rarum

231 520 386 565 mundi
407 518 699 580 spe&aculum
716 555 730 577 ‚
761 521 962 566 nondum
993 519 1134 566 teneri
1163 519 1328 582 legibus
1354 522 1514 567 c'er'tist

230 611 312 640 nec
326 592 447 638 initia
465 592 639 639 illorum
668 593 859 657 finesque
881 593 1107 641 notescere
1121 629 1137 650 ‚
1158 608 1348 656 quorum
1368 608 1422 640 ex
1445 595 1516 640 in-

230 666 436 730 gentibus
454 664 693 713 intervallis
721 666 920 714 recursus
938 667 1030 714 est?
1053 667 1267 714 Nondum
1296 666 1391 713 sunt
1416 667 1518 713 anni

232 739 354 785 mille
371 739 628 803 quingenti,
643 756 699 786 ex
717 754 809 803 quo
826 741 1016 788 Graecia

398 872 401 875 ⁴
474 847 604 911 stellis
622 864 811 902 numeros
829 839 874 892 &a
892 849 1068 893 nomina
1078 848 1197 906 fecit.

236 953 492 1017 Multaeque
533 953 667 1000 hodie
701 953 798 1000 sunt
838 966 987 1016 gentes
1011 985 1027 1010 ‚
1061 971 1171 1017 quae
1209 965 1378 1001 tantum
1407 950 1520 1000 facie

235 1028 446 1074 noverint
465 1029 639 1073 coelum
658 1063 672 1084 ,
691 1044 803 1090 quae
831 1029 1026 1074 nondum
1047 1027 1178 1074 sciant
1202 1040 1280 1075 cur
1297 1029 1398 1074 luna
1412 1023 1522 1074 defi-

235 1104 320 1148 ciat
333 1137 344 1156 ,
361 1118 495 1164 quare
514 1101 815 1147 obumbretur.
836 1101 937 1147 Hoc
956 1102 1072 1165 apud
1087 1115 1167 1147 nos
1183 1112 1364 1164 quoque
1385 1117 1522 1163 nuper

237 1175 350 1222 ratio
378 1176 432 1222 ad
466 1188 631 1222 certum
669 1175 885 1237 perduxit.
914 1172 1075 1222 Veniet
1105 1185 1301 1239 tempus,
1327 1192 1419 1239 quo
1446 1174 1524 1221 ista

238 1267 348 1314 quae
370 1268 486 1296 nunc
505 1250 659 1305 latent,
686 1249 731 1294 in
752 1249 894 1295 lucem
919 1249 1009 1296 dies
1023 1250 1238 1307 extrahat,
1255 1261 1296 1296 et
1308 1246 1523 1312 longioris

239 1323 337 1369 aevi
358 1323 587 1385 diligentia.
621 1323 693 1368 Ad
713 1322 1039 1384 inquifitionem
1058 1333 1281 1368 tantorum
1304 1335 1418 1368 aetas
1440 1336 1524 1366 una

238 1412 329 1440 non
343 1395 519 1449 sufficit,
539 1408 585 1441 ut
604 1407 696 1441 tota
712 1394 841 1440 coelo
855 1406 994 1441 vacet.
1009 1393 1153 1454 Quid,
1173 1395 1295 1455 quod
1311 1407 1396 1439 tam
1417 1410 1525 1455 pau-

239 1482 316 1512 cos
334 1482 470 1511 annos
486 1466 599 1512 inter
617 1465 750 1510 studia
772 1482 821 1510 ac
836 1465 950 1510 'viria
970 1482 1061 1511 non
1080 1482 1217 1519 nequa
1235 1464 1441 1526 portione
1455 1464 1523 1510 di-

240 1539 461 1584 vidimus?
481 1540 625 1597 [taque
646 1553 725 1598 per
748 1537 1032 1583 successiones
1049 1536 1143 1582 istas
1160 1537 1312 1599 longas
1331 1536 1524 1598 explica-

241 1612 414 1657 buntur.
447 1612 607 1656 Veniet
619 1621 815 1671 tempus,
830 1627 922 1670 quo
939 1611 1099 1673 posteri
1113 1609 1247 1656 nostri
1265 1623 1354 1656 tam
1376 1622 1526 1673 aperta

242 1702 323 1731 nos
340 1685 516 1732 nescisse
530 1686 758 1731 mirentur.
774 1686 938 1731 Harum
953 1685 1145 1748 quinque
1155 1683 1366 1731 stellarum
1379 1720 1392 1742 ,
1414 1700 1525 1747 quae

242 1760 284 1804 se
314 1759 514 1822 ingerunt
543 1759 696 1813 nobis,
720 1775 832 1821 quae
860 1757 946 1804 alio
970 1770 1102 1822 atque
1127 1756 1214 1803 alio
1242 1769 1526 1804 occurrentes

240 1834 367 1889 ioco,
388 1831 588 1879 curiosos
612 1848 692 1878 nos
711 1831 796 1878 effe
817 1843 1010 1894 cogunt,
1028 1831 1105 1894 qui
1127 1829 1327 1877 matutini
1346 1830 1525 1891 vesper-

240 1907 411 1969 tinique
429 1917 551 1952 ortus
579 1905 658 1951 sint
674 1941 686 1962 ‚
706 1922 818 1967 quae
843 1904 1068 1961 stationes,
1089 1904 1268 1967 quando
1288 1904 1331 1949 in
1359 1905 1523 1950 'reetum

240 1982 437 2027 serantur
450 2016 463 2036 ‚
480 1996 614 2043 quare
630 1991 811 2042 agantur
829 1992 949 2026 retro
961 2015 974 2037 ‚
992 1980 1131 2025 modo
1157 1979 1383 2040 coepimus
1405 1978 1523 2024 scire.

243 2058 402 2101 Utrum
418 2064 662 2116 emergeret
685 2052 845 2115 Iupiter
861 2087 874 2108 ‚
889 2068 943 2097 an
964 2051 1189 2099 occideret
1202 2083 1214 2104 ‚
1235 2063 1289 2096 an
1309 2060 1527 2113 retrogra-

244 2126 323 2171 dus
344 2124 473 2181 effer,
509 2124 633 2188 (nam
664 2124 754 2170 hoc
779 2123 838 2169 illi
869 2140 1032 2170 nomen
1055 2122 1306 2184 imposuere
1330 2120 1526 2185 cedenti)

245 2212 342 2244 :inte
362 2214 524 2259 paucos
543 2213 680 2244 annos
712 2197 960 2243 didicimus.
988 2195 1159 2243 Inventi
1186 2195 1281 2242 sunt
1305 2195 1379 2258 qui
1400 2194 1528 2241 nobis

248 2272 471 2317 dicerent:
502 2270 688 2328 Erratis,
719 2269 794 2332 qui
825 2269 956 2315 ullam
978 2268 1140 2316 stellam
1164 2279 1235 2314 aut
1259 2267 1528 2330 supprimere

246 2344 417 2389 cursum
436 2342 659 2397 iudicatis,
674 2352 745 2387 aut
759 2354 939 2392 vertere.
963 2342 1068 2388 Non
1085 2341 1183 2388 licet
1202 2340 1309 2387 stare
1326 2338 1527 2388 coelesti-

245 2418 346 2474 bus,
362 2432 443 2463 nec
462 2416 625 2465 averti:
647 2416 868 2479 prodeunt
880 2415 1028 2464 omnia
1043 2432 1054 2463 t
1069 2428 1116 2464 ut
1131 2415 1256 2463 semel
1272 2413 1394 2461 miss'a
1409 2413 1527 2470 sunt,
