1730 2870
222 143 308 191 με
420 113 1264 196 “ι.ΑΝΝΑΕΙεΕΝΕςΑΕ

215 253 458 300 Ambitiosa
479 271 568 300 non
589 254 650 302 est
669 254 823 301 fames:
851 268 1059 304 contenta
1084 257 1277 305 desinere
1297 258 1357 305 est
1375 276 1385 304 t
1408 275 1500 323 quo

214 328 400 384 desinat,
421 345 513 374 non
544 329 672 375 nimis
694 341 831 376 curat.
862 330 1051 377 Infelicis
1069 331 1269 378 luxuriae
1300 333 1374 378 ista
1404 348 1500 378 tor-

214 417 361 447 menta
394 401 504 448 sunt.
543 402 713 463 quaerit
743 404 1120 465 quemadmodum
1159 405 1257 467 post
1303 406 1499 452 saturita-

214 487 303 519 tem
342 490 525 537 quoque
566 475 755 529 esuriat3
783 477 1158 538 quemad-modum
1196 495 1285 523 non
1322 479 1500 542 impleat

213 559 414 592 ventrem
438 582 451 604 ,
480 547 550 594 sed
589 546 773 604 farciat;
804 549 1184 612 quemadmodum
1216 550 1325 596 sitim
1361 553 1500 614 prima

212 618 397 679 potione
430 619 617 666 sedatam
658 635 858 669 revocet.
907 622 1086 685 Egregie
1117 622 1263 685 itaque
1293 623 1501 669 Horatius

213 703 339 755 negat
376 693 429 738 ad
459 693 568 739 sitim
613 693 830 755 pertinere
854 730 867 751 ‚
902 709 997 755 quo
1034 695 1200 756 poculo
1242 711 1353 758 aqua
1379 732 1393 754 ,
1430 708 1502 742 aut

212 781 344 829 quam
376 767 561 830 eleganti
599 784 732 813 manu
763 766 1040 814 ministretur.
1077 770 1192 813 Nam
1225 767 1254 813 si
1288 769 1502 830 pertinere

212 840 266 885 ad
292 851 332 885 te
364 839 555 895 iudicas,
585 857 716 903 quam
749 841 932 887 crinitus
960 858 1068 903 puer
1086 876 1098 898 ‚
1126 857 1170 888 et
1195 859 1324 905 quam
1358 844 1502 903 perlu-

212 912 359 959 cidum
393 914 475 960 tibi
513 915 721 976 poculum
762 915 988 978 porrigat,
1019 932 1109 961 non
1142 915 1238 961 sitis.
1273 919 1385 962 Inter
1405 918 1503 962 reli-

213 1001 330 1047 qua,
363 985 451 1031 hoc
482 985 610 1032 nobis
638 998 788 1031 natura
819 986 1028 1048 praestitit
1047 986 1359 1049 praecipuum„
1381 989 1504 1049 quod

215 1058 452 1105 necessitati
484 1058 703 1105 fastidium
737 1060 929 1106 excuffit.
962 1059 1200 1123 Recipiunt
1237 1060 1516 1122 supervacua

215 1132 444 1180 delectum.
494 1134 597 1179 Hoc
634 1149 785 1195 parum
830 1133 1025 1190 decens,
1074 1132 1179 1178 illud
1213 1148 1364 1194 parum
1415 1131 1506 1177 lau-

216 1215 339 1259 tum,
370 1205 527 1251 oculos
558 1204 645 1251 hoc
673 1220 796 1249 meos
833 1204 973 1250 laedit.
1010 1205 1056 1250 ld
1087 1205 1226 1250 actum
1252 1203 1312 1249 est
1351 1203 1403 1248 ab
1429 1204 1504 1249 illo

218 1277 372 1322 mundi
401 1276 637 1322 conditore
650 1271 667 1334 ‚¹
692 1276 768 1339 qui
797 1276 925 1323 nobis
944 1276 1127 1322 vivendi
1148 1276 1238 1321 iura
1259 1275 1503 1337 descripsit,

216 1361 263 1396 ut
290 1350 393 1396 salvi
427 1350 640 1408 essemus,
678 1366 769 1396 non
811 1349 998 1396 delicati.
1039 1350 1106 1394 Ad
1142 1349 1316 1394 salutem
1356 1349 1504 1395 omnia

215 1436 364 1484 parata
388 1421 508 1477 sunt,
532 1432 576 1466 et
599 1420 644 1466 in
673 1433 878 1483 promtu:
904 1421 1069 1468 deliciis
1101 1422 1250 1466 omnia
1283 1421 1437 1468 misere
1455 1438 1505 1468 ac

216 1495 388 1542 solicite
423 1505 747 1555 comparantur.
774 1497 964 1541 Utamur
991 1510 1098 1557 ergo
1117 1496 1205 1541 hoc
1236 1506 1410 1540 naturae
1431 1496 1506 1540 be-

216 1567 380 1614 neficio
413 1567 526 1614 inter
550 1583 706 1630 magna
728 1568 1026 1613 numerando:
1053 1582 1095 1613 et
1115 1568 1362 1630 cogitemus
1377 1603 1390 1624 ‚
1411 1567 1507 1613 nul-

220 1641 268 1687 lo
303 1640 485 1687 nomine
517 1640 670 1687 melius
704 1640 819 1686 illam
859 1640 1060 1687 meruisse
1093 1640 1146 1686 de
1179 1640 1335 1696 nobis,
1370 1657 1503 1703 quam

220 1713 323 1776 quia
354 1713 570 1777 quidquid
601 1727 656 1760 ex
686 1712 934 1760 neceffitate
959 1711 1221 1760 desideratur
1241 1748 1255 1771 ,
1282 1713 1370 1760 fine
1389 1713 1507 1760 fasti-

220 1787 299 1834 dio
334 1785 530 1833 sumitur.
