1730 2870
247 139 337 183 204
473 127 522 174 L.
581 127 885 173 ANNAEI
946 129 1300 177 SENECAE

241 231 463 278 Maiorum
485 232 735 279 nostrorum
755 235 966 283 memoria
983 271 995 294 ,
1026 249 1074 284 ut
1091 237 1348 285 Posidonius
1362 237 1514 297 tradit,

242 322 343 351 cum
364 305 496 351 insula
525 306 569 350 in
589 311 737 369 Aegeo
759 309 865 352 mari
895 308 1110 371 surgeret,
1141 311 1364 374 spumabat
1381 311 1512 357 inter-

239 377 312 423 diu
334 394 449 423 mare
465 410 478 432 ‚
497 390 538 424 et
569 378 715 425 fumus
741 396 795 425 ex
819 380 909 427 alto
938 381 1169 430 ferebatur.
1201 385 1315 430 Nam
1334 383 1512 430 demum

236 451 450 512 prodebat
479 452 623 514 ignem
639 488 654 510 ,
689 469 780 498 non
802 454 1061 500 continuum
1080 490 1094 512 ,
1124 455 1194 501 sed
1211 473 1263 502 ex
1278 456 1515 504 intervallis

234 524 521 581 emicantem,
549 525 782 572 fulminum
818 544 969 585 more,
1005 527 1205 591 quotiens
1237 530 1370 576 ardor
1401 526 1513 576 infe-

234 596 323 642 rius
346 597 523 644 iacentis
543 597 746 660 superum
781 600 954 663 pondus
982 600 1188 648 evicerat.
1217 602 1394 648 Deinde
1417 603 1513 648 saxa

234 671 464 727 revoluta,
505 673 717 737 rupesque
747 674 905 736 partim
941 674 1138 731 illaesae,
1172 692 1279 739 quas
1313 676 1512 738 spiritus,

233 755 465 806 antequam
483 756 754 803 verteretur,
787 747 1042 809 expulerat,
1068 747 1228 808 partim
1259 748 1433 805 exesae,
1468 758 1512 794 et

233 817 277 864 in
294 818 518 866 levitatem
539 820 725 881 pumicis
739 821 909 866 versae:
939 821 1172 868 novissime
1186 838 1393 868 cacumen
1406 838 1511 868 exu-

232 889 284 935 sti
304 891 465 937 montis
488 891 675 938 emicuir.
697 892 848 938 Postea
874 893 1090 940 altitudini
1110 894 1324 940 adiecium
1342 929 1357 950 ,
1384 905 1426 940 et
1448 893 1510 939 sa-

233 980 339 1009 xum
358 964 463 1011 illud
481 965 526 1010 in
555 964 897 1027 magnitudinem
919 966 1077 1013 insulae
1105 967 1257 1014 crevit.
1286 968 1402 1012 Idem
1431 983 1512 1012 no-

232 1036 315 1082 stra
335 1038 548 1084 memoria
563 1075 573 1094 ‚
601 1038 783 1084 Valerio
808 1039 1001 1085 Asiatico
1021 1039 1199 1087 consule
1221 1039 1375 1086 iterum
1395 1041 1510 1087 acci-

234 1109 307 1155 dit.
343 1110 542 1169 Quorsuss
571 1111 676 1157 haee
696 1112 848 1159 retuli?
877 1124 924 1159 ut
948 1125 1195 1175 appareret,
1226 1129 1306 1160 nec
1325 1113 1511 1161 exstinc-

227 1197 325 1229 tum
351 1183 495 1246 ignem
517 1184 624 1230 mari
657 1184 881 1247 superfuso
898 1221 911 1241 ,
936 1201 1015 1231 nec
1035 1185 1246 1248 impetum
1266 1185 1382 1245 eius,
1417 1203 1514 1249 gra-

231 1259 364 1305 vitate
381 1259 566 1323 ingentis
584 1261 724 1305 undae
740 1260 1013 1322 prohibitum
1033 1259 1160 1306 exire.
1197 1261 1510 1307 Ducentorum

231 1331 429 1394 passuum
462 1332 584 1379 fuiffe
616 1333 885 1391 altitudinem
923 1331 1253 1393 Asclepiodotus
1288 1332 1510 1379 Posidonii

229 1403 401 1449 auditor
431 1405 632 1460 tradidit,
679 1421 754 1466 per
797 1420 931 1467 quam
954 1438 966 1457 ‚
998 1403 1180 1466 diruptis
1215 1405 1369 1467 aquis,
1400 1404 1512 1467 ignis

228 1477 411 1522 emersit.
441 1478 578 1536 Quod
599 1478 627 1523 si
658 1477 870 1523 immensa
897 1493 1108 1538 aquarum
1131 1477 1200 1522 vis
1217 1512 1230 1533 ,
1255 1478 1510 1523 subeuntem

229 1566 283 1595 ex
319 1549 412 1595 imo
454 1548 732 1595 flammarum
772 1549 864 1596 vim
906 1565 997 1594 non
1035 1549 1179 1610 potuit
1210 1548 1461 1612 opprimere
1497 1565 1510 1595 τ

231 1635 399 1683 quanto
419 1622 563 1669 minus
581 1623 625 1668 in
642 1624 741 1670 a'e‘re
759 1621 1031 1685 exstinguere
1048 1621 1195 1684 ignem
1218 1622 1381 1684 poterit
1394 1654 1407 1678 ‚
1430 1640 1510 1668 nu-

227 1693 346 1739 bium
376 1695 516 1741 tenuis
540 1696 701 1741 humor
729 1710 772 1741 et
800 1694 1027 1741 roscidus?
1060 1694 1189 1739 Adeo
1216 1711 1282 1741 res
1311 1694 1386 1741 ista
1416 1712 1506 1742 non

227 1767 357 1814 habet
374 1768 502 1814 ullam
524 1786 692 1815 moram
710 1805 722 1827 ,
755 1784 867 1832 quae
890 1783 1042 1815 contra
1071 1769 1212 1815 causas
1242 1769 1406 1832 ignium
1426 1769 1475 1815 fit
1494 1786 1508 1824 ;

229 1854 341 1899 quos
370 1854 461 1884 non
491 1839 691 1885 videmus
723 1839 933 1896 emicare,
961 1839 1037 1884 nifi
1068 1838 1347 1900 impendente
1367 1841 1506 1897 coelo.

228 1911 434 1956 Serenum
469 1911 556 1956 sine
595 1910 776 1956 fulmine
814 1911 886 1957 est.
921 1911 1025 1957 Non
1067 1911 1196 1957 habet
1230 1911 1334 1959 istos
1363 1927 1504 1959 metus

230 1980 321 2026 dies
352 1998 506 2042 purus,
530 1998 611 2027 nec
631 1998 722 2028 nox
749 1982 926 2044 quidem
947 2018 960 2039 ,
994 1980 1069 2027 nifi
1097 1981 1278 2028 obscura
1306 1984 1504 2031 nubibus.

228 2054 350 2113 Quid
369 2055 507 2118 ergo?
531 2055 636 2100 Non
659 2055 892 2117 aliquando
911 2054 1040 2101 etiam
1072 2054 1372 2116 apparentibus
1407 2055 1504 2102 stel-

230 2126 281 2171 lis
298 2160 311 2180 ,
345 2140 387 2171 et
406 2127 534 2173 noeie
564 2125 791 2189 tranquilla
814 2124 1000 2188 fulgurat
1020 2125 1037 2172 ?
1066 2126 1149 2171 Sed
1169 2126 1271 2173 scias
1302 2127 1404 2174 licet
1423 2144 1505 2173 nu-

229 2199 307 2245 bes
331 2199 418 2245 illic
447 2198 557 2254 esse,
589 2199 706 2245 unde
741 2197 944 2261 splendor
976 2196 1154 2245 effertur
1179 2215 1191 2244 z
1228 2215 1334 2263 quas
1362 2199 1504 2247 videri

231 2289 255 2317 a
289 2272 416 2318 nobis
451 2288 661 2320 terrarum
696 2283 845 2318 tumor
881 2287 973 2319 non
1007 2271 1117 2318 finit.
1162 2272 1313 2319 Adiice
1349 2289 1464 2319 nunc
1488 2306 1503 2327 ,

229 2346 356 2406 quod
385 2345 475 2392 fieri
507 2345 673 2408 potest,
705 2356 749 2391 ut
778 2344 912 2390 nubes
934 2343 1058 2390 sudae
1085 2355 1128 2390 et
1154 2344 1335 2391 humiles
1358 2343 1503 2389 attritu

224 2416 304 2463 suo
320 2417 467 2481 ignem
498 2419 710 2472 reddant:
747 2418 820 2481 qui
854 2417 902 2465 in
930 2416 1152 2480 superiora
1182 2414 1425 2479 expressus,
1456 2414 1501 2464 in
