1730 2870
510 127 1088 174 EPISTOLAE.
1350 144 1436 190 137

146 233 291 284 tiones
328 233 452 297 capit.
491 234 612 279 Idem
640 233 839 279 moribus
859 232 1019 280 evenit.
1041 242 1237 278 naturam
1258 231 1440 296 sequen-

146 310 288 367 tium,
323 308 467 354 faciles
500 306 624 361 sunt,
657 304 785 351 soluti
821 305 943 362 sunt,
968 303 1143 366 exiguas
1174 303 1440 351 differentias

146 382 334 428 habent:
389 382 442 426 ab
479 379 545 425 his
578 378 747 424 distorti
785 377 1016 440 plurimum
1037 410 1051 434 ,
1092 390 1136 424 et
1160 378 1364 424 omnibus
1398 391 1444 424 et

147 454 258 501 inter
298 453 338 499 se
365 452 583 499 diffident.
617 451 756 497 Causa
790 464 937 496 tamen
968 452 1204 512 praecipua
1235 448 1342 495 mihi
1365 449 1438 497 vi-

149 526 273 570 detur
296 524 423 570 huius
454 523 635 580 morbi*
650 522 766 570 vitae
791 522 1039 568 communis
1060 521 1288 567 fastidium.
1309 523 1440 580 Quo-

121 588 125 592 *
149 595 289 647 modo
330 594 450 640 cultu
482 594 523 640 se
546 610 569 639 a
593 592 744 639 ceteris
773 591 1060 654 distinguunt,
1088 593 1325 654 quomodo
1346 591 1440 636 ele-

148 666 289 730 gantia
312 683 544 712 coenarum
561 698 575 721 ‚
605 664 829 710 munditiis
850 663 1150 709 vehiculorum
1171 698 1184 720 ‚
1203 662 1260 708 fic
1283 662 1440 708 volunt

148 740 341 803 separare
373 739 500 785 etiam
532 750 783 799 temporum
816 734 1113 798 dispositione.
1149 735 1305 781 nolunt
1332 734 1439 780 soli-

149 825 190 858 ta
223 829 402 875 peccare
428 848 441 868 ‚
468 812 624 874 quibus
652 810 859 872 peccandi
881 809 1121 872 praemium
1149 807 1327 854 infamia
1360 805 1436 854 est.

155 885 280 931 Hanc
316 896 468 947 petunt
498 900 650 930 omnes
682 883 774 939 isti,
803 882 876 945 qui
896 918 909 938 ‚
946 894 992 927 ut
1018 882 1075 926 ita
1105 881 1247 927 dicam
1267 915 1281 938 ‚
1313 890 1436 926 retro

154 957 328 1004 vivunt.
358 958 462 1004 Ideo
480 993 493 1012 ‚
523 957 691 1013 Lucili,
721 956 906 1001 tenenda
935 954 1063 999 nobis
1093 954 1165 999 via
1192 953 1277 1011 est,
1306 968 1440 1014 quam

155 1043 306 1076 natura
343 1028 639 1091 praescripsit,
681 1046 761 1074 nec
790 1029 843 1073 ab
873 1027 941 1072 illa
976 1026 1294 1072 declinandum.
1323 1025 1440 1070 illam

155 1101 435 1163 sequentibus
453 1137 466 1156 ‚
495 1103 645 1147 onmia
666 1101 811 1147 facilia
832 1113 873 1146 et
895 1099 1095 1162 expedita
1128 1099 1225 1145 sunt
1245 1116 1255 1144 :
1286 1109 1442 1144 contra

156 1174 274 1219 issam
309 1173 545 1220 nitentibus
566 1210 578 1228 ,
614 1192 705 1220 non
737 1174 817 1220 alia
858 1172 948 1220 vita
989 1171 1081 1229 est,
1114 1188 1246 1237 quam
1286 1183 1441 1218 contra

157 1259 315 1306 aquam
343 1245 666 1308 remigantibus.

382 1353 1215 1438 EPISTOLAiCXXIII.

163 1534 340 1579 Tenuem
375 1550 448 1579 aut
483 1536 602 1580 vilem
641 1534 788 1579 vic'lnm
824 1538 974 1580 decreto
1010 1537 1146 1581 animi
1166 1571 1179 1593 ‚
1213 1534 1256 1581 ἃ
1285 1537 1444 1596 same}

227 1618 379 1661 honum
417 1619 720 1676 optandumque
744 1618 850 1674 fieri.
881 1618 976 1661 Hoc
1011 1617 1289 1677 usttrpcmdum
1321 1621 1444 1663 etiam

227 1700 455 1743 divitibus:
485 1701 577 1758 quis
594 1700 682 1757 fiic
713 1717 769 1743 cm
799 1717 883 1743 mm
919 1717 1022 1759 opus
1057 1700 1296 1743 habituris?
1330 1701 1443 1743 Con-

215 1780 416 1838 fitetud0‚
436 1794 472 1823 et
498 1781 626 1823 alieni
662 1798 814 1834 mores,
846 1797 895 1824 ne
911 1781 1131 1824 abducant.
1158 1781 1309 1840 Sperne
1326 1794 1361 1824 ec
1377 1780 1446 1823 iu-

228 1863 337 1906 dicia
359 1877 432 1906 aut
467 1880 579 1907 voces
606 1863 783 1909 alienas.

167 1985 412 2099 ITINERE
429 2050 655 2098 confectus
674 2051 966 2098 incommodo
989 2050 1126 2115 magis
1144 2067 1273 2113 quam
1292 2051 1449 2113 iongog

165 2121 211 2166 in
244 2123 459 2168 Albanum
496 2141 641 2170 meum
669 2126 797 2171 no&e
826 2124 960 2170 multa
989 2124 1185 2186 perveni.
1223 2124 1342 2169 Nihil
1369 2125 1447 2169 ha·-

163 2193 251 2239 heo
282 2210 476 2254 paratum
495 2231 508 2252 ‚
553 2196 627 2241 nisi
654 2213 736 2242 me.
775 2200 920 2258 ltaque
950 2195 994 2240 in
1024 2196 1135 2241 lecto
1159 2194 1445 2241 lassitudinem

164 2283 316 2329 pono:
339 2268 450 2314 hanc
481 2270 644 2331 coqui,
677 2270 786 2316 hanc
807 2269 981 2331 pistoris
1006 2284 1177 2314 moram
1204 2268 1310 2313 boni
1335 2284 1446 2314 con-

164 2339 271 2386 sulo.
299 2342 475 2387 Mecum
496 2342 611 2386 enim
635 2342 688 2386 de
713 2341 798 2386 hoc
836 2340 932 2402 ipso
958 2341 1124 2403 loquor
1144 2372 1157 2394 ,
1179 2357 1311 2402 quam
1336 2339 1446 2385 nihil

163 2411 215 2458 fit
245 2430 376 2477 grave
397 2445 410 2469 ,
447 2415 568 2478 quod
601 2414 757 2463 leviter
787 2414 1011 2477 excipias:
1048 2430 1181 2477 quam
1219 2414 1446 2477 indignan-
