1730 2870
253 137 344 184 268
479 141 527 185 L.
587 113 893 187 A'NNAEI
944 143 1321 191 SENECAE·

247 245 341 307 Ego
361 263 441 292 nec
473 246 674 309 decipere
700 248 835 305 volo,
861 266 941 297 nec
968 251 1111 313 decipi
1133 251 1316 314 poffum.
1339 253 1521 300 Laudari

243 334 316 363 me
333 334 356 362 a
376 318 527 378 vobis,
547 320 623 365 nifi
641 322 869 369 laudaretis
886 324 1015 369 etiam
1038 325 1190 382 malos,
1210 325 1380 372 vellem.
1401 325 1523 384 Quid

244 402 386 435 autem
418 392 587 438 necefl‘e
613 393 674 439 est
706 395 751 440 in
778 397 864 442 boc
896 396 1184 454 descendere,
1217 412 1264 446 ut
1298 414 1340 445 te
1375 413 1522 460 petere

244 463 445 510 cominus
470 466 662 527 poffint?
685 471 887 533 Longum
915 472 1028 518 inter
1055 489 1138 519 vos
1165 473 1441 521 intervallum
1461 472 1521 519 fit.

242 533 360 580 Cum
383 539 570 599 cupieris
593 541 705 588 bene
735 542 898 588 laudari
918 578 931 600 ‚
960 560 1093 607 quare
1121 544 1208 590 hoc
1232 545 1305 590 ulli
1327 543 1519 592 debeas?

240 605 331 668 lpse
359 620 401 656 te
426 611 565 659 lauda.
594 614 667 661 dic
701 632 711 659 ε
748 615 1013 662 Liberalibus
1046 634 1116 664 me
1155 617 1300 664 studiis
1334 619 1520 675 tradidi,

239 695 490 745 quanquam
521 699 747 748 paupertas
771 688 853 734 alia
883 688 1108 746 suaderet,
1148 701 1190 736 et
1214 691 1434 753 ingenium
1463 706 1520 737 eo

238 753 502 815 abduceret,
524 760 595 806 ubi
622 762 818 824 praesens
850 761 975 808 studii
1005 763 1193 824 pretium
1220 763 1293 810 est.
1323 765 1389 810 Ad
1418 781 1519 827 gra-

238 826 347 873 tuita
372 832 561 878 carmina
583 833 741 880 deflexi
765 852 834 880 me
849 872 860 891 ‚
881 850 923 881 et
947 836 1000 881 ad
1020 835 1199 882 salutare
1219 835 1520 898 philosophiae

238 900 425 950 studium
447 908 629 954 contuli.
649 908 835 954 Ostendi
861 909 904 955 in
926 925 1060 955 omne
1079 910 1227 971 pectus
1249 910 1406 956 cadere
1426 909 1520 956 vir-

238 986 376 1022 tutem
397 993 407 1021 :
428 991 469 1024 et
488 979 697 1028 ducianis
715 981 919 1028 natalium
940 981 1150 1045 angustias
1163 1018 1175 1039 ‚
1196 998 1276 1029 nec
1292 980 1408 1028 sorte
1425 998 1521 1037 me,

237 1049 310 1096 sed
330 1052 480 1098 animo
501 1055 672 1102 mensus
686 1091 698 1113 ‚
719 1072 796 1118 par
815 1055 1019 1102 maximis
1039 1055 1146 1103 steti.
1173 1056 1278 1101 Non
1305 1053 1415 1100 mihi
1434 1053 1521 1100 ini-

236 1122 401 1170 micitia
430 1127 646 1173 Gaetulici
664 1127 762 1175 Caii
781 1127 913 1174 fidem
938 1128 1117 1190 eripuit,
1153 1144 1244 1174 non
1264 1127 1310 1173 in
1333 1127 1521 1173 aliorum

234 1197 468 1258 personam
487 1198 720 1247 infeliciter
738 1214 1006 1255 amatorum,
1025 1199 1201 1247 Messala
1220 1210 1262 1245 et
1284 1198 1523 1260 Narcissus,

233 1266 309 1313 diu
328 1270 495 1330 publici
513 1270 941 1336 hostes,-antequam
961 1273 1024 1318 sui
1040 1308 1054 1328 ‚
1072 1270 1348 1335 propositum
1368 1286 1519 1316 meum

233 1354 477 1400 potuerunt
495 1360 709 1392 evertere.
728 1345 963 1392 Cervicem
979 1361 1061 1407 pro
1082 1343 1167 1389 fide
1184 1342 1387 1405 opposui.
1406 1343 1519 1389 Nul-

231 1414 322 1461 lum
350 1418 535 1465 verbum
555 1420 690 1477 mihi,
719 1420 845 1482 quod
865 1435 957 1466 non
987 1419 1103 1466 salva
1129 1417 1395 1464 conscientia
1412 1433 1520 1479 pro-

231 1488 405 1535 cederet
421 1525 434 1545 ,
456 1492 679 1538 excussum
708 1493 780 1539 est.
804 1495 890 1540 Pro
914 1492 1066 1538 amicis
1093 1491 1242 1537 omnia
1270 1489 1417 1545 timui,
1438 1504 1521 1549 pro

231 1575 305 1605 me
326 1560 464 1609 nihil:
489 1563 566 1608 nisi
592 1580 646 1609 ne
665 1581 818 1625 parum
842 1564 986 1610 bonus
1006 1563 1171 1610 amicus
1197 1560 1383 1608 fuissem.
1412 1562 1518 1606 Non

231 1633 341 1680 mihi
365 1636 598 1683 muliebres
626 1636 795 1683 fluxere
818 1637 1023 1684 lacrimae
1041 1673 1054 1694 ‚
1083 1653 1173 1682 non
1194 1652 1218 1682 e
1238 1634 1436 1680 manibus
1453 1633 1522 1679 ul-

230 1704 311 1752 lius
342 1707 520 1769 supplex
555 1710 760 1772 pependi.
794 1710 918 1756 Nihil
951 1709 1213 1756 indecorum
1249 1723 1330 1753 nec
1361 1705 1517 1760 bono,

231 1794 313 1825 nec
344 1779 447 1827 viro
479 1781 575 1829 feci.
613 1783 816 1830 periculis
846 1782 956 1829 meis
987 1782 1160 1838 maior,
1190 1792 1359 1844 paratus
1388 1779 1450 1826 ire
1472 1780 1517 1825 in

232 1867 281 1897 ea
303 1868 412 1914 quae
439 1854 716 1902 minabantur
732 1891 745 1913 ‚
781 1855 849 1919 egi
876 1855 1030 1918 gratias
1049 1854 1250 1901 fortunae
1267 1888 1280 1910 ‚
1301 1852 1424 1914 quod
1443 1868 1517 1898 ex-

231 1925 363 1986 periri
388 1926 592 1976 voluisset
611 1965 624 1985 ‚
652 1928 805 1992 quanti
837 1928 1107 1976 aestimarem
1136 1925 1286 1974 fidem.
1314 1928 1421 1973 Non
1441 1925 1516 1972 de-

234 1996 363 2044 bebat
383 1999 489 2046 mihi
519 2019 660 2063 parvo
682 2019 749 2050 res
765 2013 882 2049 tanta
902 2002 1111 2049 constare.
1140 2002 1235 2048 Nec
1252 1999 1516 2047 examinavit

233 2086 305 2117 me
324 2072 501 2134 quidem
518 2075 591 2120 diu
614 2092 624 2122 :
646 2091 787 2139 neque
806 2075 922 2121 enim
944 2074 1062 2138 paria
1084 2074 1353 2136 pendebant,
1367 2087 1513 2120 utrum

233 2142 362 2191 satius
381 2145 487 2193 esset
505 2164 577 2195 me
594 2149 736 2211 perire
756 2164 839 2211 pro
856 2147 963 2205 fide,
981 2165 1035 2194 an
1053 2146 1186 2195 fidem
1206 2145 1293 2211 pro¹
1309 2165 1392 2194 me.
1407 2148 1514 2193 Non

235 2217 465 2280 praecipiti
480 2219 648 2282 impetu
668 2221 713 2267 in
729 2220 931 2267 ultimum
954 2219 1181 2267 consilium
1196 2255 1208 2277 ‚
1222 2235 1316 2282 quo
1337 2235 1407 2265 me
1426 2217 1513 2265 eri-

235 2307 388 2353 perem
406 2291 545 2339 furori
567 2294 838 2355 potentium,
855 2294 960 2341 mifi.
979 2294 1198 2340 Videbam
1218 2291 1333 2354 apud
1353 2290 1509 2338 Caium

233 2374 472 2423 formenta,
506 2368 710 2415 videbam
740 2368 871 2430 ignes.
900 2367 1096 2414 Sciebam
1125 2365 1231 2412 olim
1263 2365 1338 2411 sub
1368 2363 1444 2409 illo
1465 2363 1509 2408 in

237 2451 338 2484 eum
362 2436 516 2486 statum
547 2457 614 2488 res
643 2440 851 2488 humanas
872 2439 1103 2499 decidisse,
1131 2448 1180 2486 ut
1204 2438 1315 2484 inter
1343 2435 1508 2482 miseri-
