1730 2870
309 136 431 182 126'
560 136 608 182 L.
658 136 949 180 ANNAEt
999 137 1357 201 SENECAE

303 242 441 290 suero.
466 245 628 289 Iterum
654 242 775 288 enim
804 241 1032 301 clamabis,
1066 244 1164 290 Hoc
1189 245 1296 307 quid
1326 246 1379 291 ad
1402 248 1580 294 mores?

301 318 386 362 Sed
404 316 598 362 exclama
615 348 629 370 ,
651 315 755 360 dum
779 314 858 359 tibi
878 315 1065 376 primum
1084 307 1191 364 alios
1210 335 1435 380 opponam
1453 355 1466 376 ,
1483 336 1583 366 cum

299 389 457 453 quibus
479 388 647 450 litiges,
680 387 961 433 Pofidonium
988 401 1031 434 et
1059 390 1385 437 Archidemum.
1424 392 1482 437 Hi
1510 391 1579 437 iu-

258 527 263 533 ⁴
298 461 463 508 dicium
495 459 735 522 accipient,
770 459 927 506 deinde
947 459 1103 506 dicam.
1124 462 1230 508 Non
1250 463 1466 527 quidquid
1484 480 1581 509 mo-

297 534 386 580 rale
427 531 520 590 est,
568 532 712 578 bonos
745 547 893 578 mores
936 529 1049 578 facit.
1096 532 1225 578 Aliud
1260 534 1314 580 ad
1351 535 1599 593 hominem

297 607 501 653 alendum
534 607 750 668 pertinet,
786 605 901 653 aliud
937 607 992 652 ad
1021 608 1309 654 exercendum
1329 645 1343 667 ,
1379 610 1494 656 aliud
1528 611 1581 656 ad

298 678 575 726 vestiendum
590 711 605 735 ,
636 677 753 723 aliud
771 678 825 723 ad
847 677 1099 724 docendum
1115 714 1129 736 ,
1156 679 1272 725 aliud
1291 681 1345 726 ad
1372 681 1581 728 deleEtan-

297 751 416 796 dum.
445 750 613 797 Omnia
641 764 788 796 tamen
817 750 870 795 ad
895 751 1120 797 hominem
1153 753 1400 813 pertinent,
1425 754 1580 800 etiam-

295 821 327 867 s1
349 839 441 868 non
470 822 621 868 omnia
641 821 867 867 meliorem
898 839 1000 868 eum
1020 821 1194 868 faciunt.
1228 825 1380 871 Mores
1406 826 1486 871 alia
1503 827 1578 873 ali-

294 909 362 942 ter
382 895 608 957 attingunt.
640 895 866 955 Quaedam
889 894 987 941 illos
1015 895 1242 958 corrigunt
1269 910 1311 943 et
1341 899 1575 958 ordinant,

291 968 507 1031 quaedam
549 979 744 1013 naturam
780 983 932 1013 eorum
973 981 1016 1013 et
1057 967 1273 1031 originem
1319 970 1574 1018 scrutantur.

292 1045 412 1089 Cum
430 1043 678 1106 quaeritur,
702 1059 837 1105 quare
855 1041 1081 1088 hominem
1114 1058 1265 1089 natura
1289 1044 1577 1106 produxerit,

290 1131 426 1178 quare
464 1114 712 1177 praetulerit
743 1114 999 1161 animalibus
1031 1115 1210 1171 ceteris,
1241 1116 1372 1179 longe
1406 1134 1476 1162 me
1509 1118 1576 1163 iu-

292 1190 409 1236 dicas
442 1205 587 1235 mores
616 1188 863 1251 reliquisse?
901 1187 1053 1234 falsum
1084 1189 1156 1236 est.
1180 1191 1429 1250 Quomodo
1457 1193 1574 1239 enim

292 1263 428 1318 scies,
464 1260 539 1325 qui
572 1261 758 1307 habendi
785 1262 896 1319 sint,
930 1261 1006 1307 nisi
1039 1263 1144 1325 quid
1177 1263 1346 1309 homini
1375 1264 1423 1310 fit
1455 1266 1575 1328 opti—

287 1353 438 1391 mum,
457 1335 677 1382 inveneris
697 1335 714 1381 ?
738 1335 814 1380 nisi
833 1348 1028 1381 naturam
1047 1336 1136 1381 eius
1153 1336 1418 1398 inspexeris?
1446 1338 1574 1385 Tunc

252 1457 267 1461 s
287 1410 466 1455 demum
493 1406 702 1470 intelliges
723 1442 735 1463 ,
766 1406 871 1469 quid
896 1405 1143 1453 faciendum
1162 1407 1240 1452 tibi
1261 1442 1274 1465 ‚
1292 1407 1399 1470 quid
1428 1409 1572 1455 vitan-

287 1483 394 1528 dum
434 1482 511 1537 fit,
547 1497 647 1527 cum
691 1478 891 1526 didiceris
923 1478 1030 1542 quid
1065 1494 1240 1527 naturae
1273 1492 1370 1526 tuae
1404 1481 1574 1528 debeas.

287 1557 387 1618 Ego
401 1591 415 1613 ,
429 1553 573 1617 inquis
588 1589 601 1611 ‚
620 1554 730 1600 volo
750 1553 915 1599 discere
929 1587 942 1609 ,
956 1553 1189 1615 quomodo
1210 1553 1354 1600 minus
1373 1555 1544 1619 cupiam
1558 1593 1575 1613 ,

284 1630 430 1676 minus
464 1629 655 1675 timeam.
683 1625 1043 1689 Superstitionem
1084 1625 1192 1671 mihi
1236 1638 1429 1673 excute:
1461 1628 1573 1676 doce

283 1705 385 1751 leve
404 1702 489 1749 effe
508 1718 762 1764 vanumque
780 1700 889 1758 hoc,
905 1700 1027 1762 quod
1047 1698 1223 1747 felicitas
1240 1700 1417 1747 dicitur:
1440 1714 1571 1751 unam

283 1778 347 1824 illi
377 1776 589 1840 syllabam
612 1774 816 1822 facillime
841 1774 1060 1820 accedere.
1089 1773 1320 1820 Desiderio
1348 1786 1427 1820 tuo
1448 1775 1570 1822 satis—

286 1849 445 1897 faciam
457 1885 470 1906 ,
489 1860 533 1895 et
548 1848 602 1894 ad
621 1847 804 1893 virtutes
822 1845 1113 1903 exhortabor,
1136 1857 1179 1892 et
1198 1845 1303 1893 vitia
1320 1848 1570 1893 converbe-

284 1925 395 1970 rabo
413 1959 427 1981 ,
454 1922 557 1969 licet
589 1920 743 1983 aliquis
769 1919 953 1965 nimium
972 1919 1402 1982 immoderatumque
1424 1919 1469 1965 in
1491 1920 1570 1968 hac

285 2008 411 2059 parte
439 2010 510 2040 me
534 1993 724 2049 iudicet,
755 2008 845 2037 non
866 1990 1057 2037 desistam
1080 1990 1279 2053 persequi
1300 1990 1539 2054 nequitiam
1555 2028 1569 2050 ‚

285 2081 329 2116 et
356 2067 534 2114 affectus
567 2064 885 2113 efferatissimos
904 2063 1102 2109 inhibere
1118 2098 1131 2120 ‚
1152 2077 1195 2109 et
1214 2062 1463 2124 voluptates
1482 2062 1568 2109 itu-

285 2157 355 2188 ras
399 2141 444 2186 in
477 2139 680 2186 dolorem
725 2136 1006 2200 compescere
1026 2168 1039 2190 ‚
1073 2150 1116 2181 et
1153 2135 1272 2182 votis
1306 2134 1568 2198 obstrepere.

287 2212 489 2275 Quidni?
516 2229 615 2259 cum
644 2210 835 2256 maxima
860 2207 1432 2271 malorumpoptaverimus,
1452 2223 1494 2254 et
1511 2225 1567 2254 ex

286 2285 569 2350 gratulatione
602 2299 752 2332 natum
774 2285 825 2331 fit
852 2282 1063 2347 quidquid
1097 2282 1398 2344 obloquimur.
1430 2285 1564 2328 Inter-

284 2361 347 2406 im
376 2359 578 2422 permitte
601 2359 730 2415 mihi,
759 2376 808 2405 ea
832 2375 941 2422 quae
969 2357 1099 2420 paulo
1130 2357 1370 2404 remotiora
1404 2357 1564 2403 viden-

286 2448 353 2483 tur
371 2467 387 2491 ,
406 2449 620 2483 excutere.
643 2433 1000 2495 Quaerebamus,
1026 2448 1081 2478 an
1102 2431 1207 2479 esset
1234 2431 1439 2480 omnibus
1469 2431 1563 2478 ani—
