1730 2870
261 183 320 231 34
516 169 1311 218 L.ANNAE18ENECAE

257 275 363 321 ritus
383 275 586 322 omnium
610 292 817 327 veneras:
838 293 892 323 ex
913 288 1212 325 maternorum
1230 278 1448 327 viscerum
1469 292 1537 329 cai

255 347 348 394 lido
373 347 587 411 mollique
614 347 819 395 fomento
844 348 1072 408 emiffum,
1105 349 1271 397 afflavit
1298 367 1399 399 aura
1427 353 1539 400 libe-

253 421 361 468 rior.
388 420 565 468 Deinde
590 419 777 467 offendit
807 421 941 468 durae
965 438 1117 469 manus
1141 423 1305 470 tacius:
1327 437 1542 489 tenerque

252 494 422 553 adhuc,
452 507 495 541 et
521 493 680 541 nullius
706 494 772 540 rei
802 510 960 557 gnarus
980 494 1239 557 obstupuisti
1270 494 1383 544 inter
1408 498 1539 561 igno-

251 581 307 616 ta.
341 569 472 614 Nunc
495 566 573 613 tibi
594 584 685 614 non
703 566 764 614 est
787 583 985 625 novum,
1017 567 1205 631 separari
1223 569 1277 615 ab
1300 587 1356 616 eo
1372 606 1385 627 ,
1417 572 1538 620 cuius

252 654 353 689 'ante
375 657 471 703 pars
486 639 619 688 fueris
641 659 651 688 ε
674 657 818 704 aequo
838 641 989 687 animo
1006 643 1205 689 membra
1223 641 1308 688 iam
1330 644 1538 707 superva-

250 731 331 762 cua
350 713 525 760 dimitte
541 749 555 771 ‚
586 725 628 760 et
647 712 760 761 istud
778 730 942 776 corpus
960 714 1248 761 inhabitatum
1268 715 1343 762 diu
1357 751 1370 772 ,
1406 733 1539 779 pone.

250 786 483 834 Scindetur
498 822 512 844 ,
536 786 775 845 obruetur,
808 787 1068 834 abolebitur.
1099 787 1222 848 Quid
1240 789 1539 838 contristaris?

247 862 309 909 ita
333 860 441 907 solet
458 859 565 908 fieri.
579 854 782 908 'Pereunt
802 861 971 923 semper
988 860 1233 909 velamenta
1251 863 1535 912 nascentium.

248 932 376 994 Quid
398 932 473 978 ista
497 930 553 979 sic
582 931 755 995 diligis,
776 932 895 995 quasi
924 932 1030 979 tua?
1051 933 1137 980 istis
1161 947 1340 998 opertus
1358 952 1418 983 es.
1446 940 1538 984 Ve-

247 1004 339 1051 niet
362 1004 440 1067 qui
466 1018 510 1052 te
538 1004 704 1052 revelet
729 1003 846 1063 dies,
878 1017 922 1051 et
943 1021 999 1052 ex
1019 1007 1315 1054 contubernio
1336 1007 1458 1055 foedi
1473 1020 1538 1056 at-

246 1096 336 1141 que
358 1077 465 1125 olidi
484 1077 650 1139 ventris
672 1077 842 1124 educat.
869 1077 985 1124 Hinc
1007 1095 1125 1125 nunc
1141 1095 1324 1144 quoque
1342 1093 1389 1127 tu
1407 1098 1537 1145 quan·

250 1164 343 1199 tum
366 1165 521 1213 potes,
551 1149 735 1196 subvola
756 1167 767 1196 ε
792 1150 949 1213 utique
976 1149 1106 1197 etiam
1130 1152 1395 1210 necessariis,
1423 1169 1539 1216 quae

249 1225 578 1283 cohaerebunt,
604 1224 781 1271 alienus.
827 1227 916 1269 Iam
941 1222 1044 1271 hinc
1061 1259 1075 1280 ,
1099 1223 1226 1270 altius
1250 1224 1413 1287 aliquid
1433 1225 1538 1271 sub-

246 1299 481 1362 limiusque
513 1296 738 1345 meditare.
786 1297 1038 1361 Aliquando
1069 1308 1248 1345 naturae
1273 1297 1352 1345 tibi
1378 1314 1536 1346 arcana

247 1375 525 1436 retegentur',
557 1370 812 1419 discutietur
838 1370 914 1417 ista
951 1370 1124 1434 calig0‚
1159 1382 1203 1417 et
1232 1370 1307 1418 lux
1341 1371 1538 1434 undiqtte

249 1446 365 1503 clara
384 1445 613 1509 percutiet.
644 1444 886 1507 Imaginare
906 1456 1074 1502 tecum,
1094 1454 1280 1508 quantus
1299 1445 1371 1491 ille
1392 1445 1441 1492 fit
1461 1445 1537 1491 ful-

252 1537 362 1584 gor,
379 1508 456 1567 'tot
482 1519 694 1566 sideribus
722 1520 837 1565 inter
865 1518 907 1565 se
926 1518 1075 1565 lumen
1100 1518 1395 1565 miscentibus.
1422 1519 1539 1564 Nul-

251 1594 290 1639 la
322 1592 519 1639 serenum
568 1593 722 1638 umbra
756 1590 950 1638 turbabit
979 1609 990 1637 :
1021 1591 1258 1653 aequaliter
1292 1590 1538 1653 splendebit

253 1681 388 1712 omne
422 1664 538 1712 coeli
569 1664 677 1710 latus
714 1680 725 1709 :
761 1663 854 1709 dies
879 1675 922 1708 et
951 1679 1068 1718 nox,
1098 1663 1208 1710 aeris
1239 1661 1380 1710 infimi
1416 1664 1537 1712 vices

252 1740 360 1787 sunt.
400 1740 529 1785 Tunc
552 1737 597 1782 in
627 1736 814 1783 tenebris
842 1734 994 1782 vixisse
1020 1735 1136 1783 dices
1152 1769 1166 1793 ,
1188 1752 1289 1783 cum
1311 1748 1450 1783 totam
1474 1738 1537 1784 lu-

253 1808 349 1861 cem
380 1822 497 1858 totus
516 1809 763 1873 adspexeris
788 1825 798 1854 ε
819 1824 951 1871 quam
970 1825 1110 1864 nunc,
1128 1825 1206 1871 per
1225 1808 1538 1872 angustiffimas

250 1888 487 1935 oculorum
506 1885 599 1932 vias
614 1920 627 1943 ,
667 1883 852 1930 obscure
877 1882 1084 1938 intueris,
1113 1895 1157 1929 et
1180 1897 1326 1929 tamen
1342 1882 1534 1929 admira-

249 1959 308 2006 ris
327 1971 412 2005 tam
433 1957 602 2021 procul.
653 1955 777 2017 Quid
796 1954 873 2001 tibi
896 1953 1283 2003 videbitus'divina
1307 1954 1408 2013 lux,
1433 1971 1535 2002 cum

239 2033 362 2081 ‘iilam
379 2033 458 2079 suo
474 2032 577 2079 loco
594 2029 785 2077 videris?
821 2031 939 2075 Haec
958 2026 1168 2091 cogitatio
1184 2027 1290 2074 nihil
1309 2028 1533 2076 sordidum

249 2106 397 2153 animo
427 2102 642 2150 subsidere
676 2100 798 2159 finit,
837 2099 941 2146 nihil
978 2098 1167 2155 humile,
1203 2098 1309 2145 nihil
1339 2100 1532 2148 crudeie.

251 2182 378 2227 Deos
403 2178 601 2225 omnium
621 2192 766 2222 rerum
789 2172 872 2220 effe
897 2171 1022 2218 testes
1041 2171 1126 2227 ait,
1156 2172 1238 2219 illis
1260 2189 1341 2220 nos
1372 2188 1535 2236 appro-

252 2253 377 2309 bari,
407 2251 486 2298 illis
512 2249 557 2296 in
590 2248 785 2295 futurum
815 2244 953 2308 parari
982 2244 1133 2302 iubet,
1161 2256 1203 2291 et
1237 2245 1534 2293 aeternitatem

253 2325 532 2387 ptoponere3
557 2337 687 2385 quam
711 2319 788 2384 qui
814 2333 960 2365 mente
989 2318 1222 2380 concepit,
1254 2317 1396 2364 nullos
1422 2318 1533 2363 hor·-

252 2410 319 2444 ret
344 2397 585 2455 exercitus,
610 2412 701 2443 non
725 2406 910 2442 terretur
935 2394 1064 2447 tuba,
1086 2393 1213 2439 nullis
1239 2393 1296 2438 ad
1319 2390 1528 2438 timorem

252 2470 384 2520 >minis
414 2471 571 2535 agitur.
610 2468 780 2531 Quidni
820 2483 914 2516 non
946 2466 1130 2528 timeat,
1173 2466 1251 2531 qui
1276 2464 1393 2514 mori
1432 2465 1531 2528 spen
