1730 2870
266 149 327 195 82
511 150 559 196 L.
605 149 897 196 ANNAEI
949 152 1308 198 SENECAE

262 254 425 302 mentia
442 272 579 319 aeque
605 257 822 303 rotundae
845 256 924 304 sint
943 258 961 304 ἒ
992 258 1089 306 sunt
1109 260 1225 306 enim
1249 274 1291 307 et
1320 260 1434 323 ipsae
1454 263 1550 308 ani-

263 328 405 375 malia.
439 330 482 374 Si
506 330 580 376 has
611 345 794 391 quoque
823 332 1274 378 corrotundaverint:
1306 334 1548 380 etiamnum

261 402 574 465 interrogabo,
605 418 660 447 an
691 402 880 463 prudens
906 404 1148 450 ambulatio
1174 406 1335 452 animal
1365 407 1435 464 lit,
1466 423 1549 452 nec

266 475 347 521 ne?
374 474 667 522 confiteantur
687 476 855 522 necesse
887 476 959 523 est.
986 478 1163 525 Deinde
1191 480 1358 538 dicant,
1390 482 1550 526 ambu-

263 545 468 593 lationem
491 547 576 594 effe
594 546 781 604 animal,
812 560 855 594 et
877 550 1058 612 quidem
1086 553 1343 601 rotundum.
1375 554 1444 600 Ne
1465 570 1551 615 pu-

263 632 328 666 tes
348 632 491 665 autem
509 636 579 666 me
604 620 794 682 primum
819 637 875 667 ex
901 622 1083 677 nostris,
1104 639 1196 668 non
1210 640 1262 669 ex
1282 625 1554 687 praescripto

263 693 417 757 loqui,
448 694 521 740 sed
550 710 670 740 meae
700 694 936 741 sententiae
965 696 1051 742 effe
1079 714 1090 742 z
1123 698 1237 744 inter
1267 699 1554 757 Cleanthem,

263 778 307 814 et
330 767 590 830 discipulum
615 767 709 814 eius
732 768 1037 832 Chrysippum
1054 806 1067 827 ‚
1096 787 1186 816 non
1208 772 1418 818 convenit
1447 773 1555 834 quid

264 840 314 886 fit
341 840 594 887 ambulatio.
623 840 860 888 Cleanthes
878 841 962 898 ait,
990 840 1191 904 spiritum
1224 843 1311 889 effe
1338 860 1361 888 a
1390 843 1554 906 princi-

265 914 353 977 pali
380 913 513 976 usque
536 913 579 959 in
610 913 741 975 pedes
766 914 1020 976 permissum
1042 914 1376 980 :'Chryfippus,
1413 916 1556 978 ipsum

267 985 519 1050 principale.
552 985 675 1045 Quid
695 985 756 1031 est
782 1002 891 1049 ergo
910 1022 923 1043 ‚
953 1003 1030 1033 cur
1050 1003 1140 1033 non
1161 986 1291 1048 ipsius
1314 988 1556 1051 Chrysippi

267 1059 474 1122 exemplo
503 1058 581 1104 fibi
605 1056 788 1121 quisque
820 1060 860 1106 se
891 1060 1114 1117 vindicet,
1140 1073 1181 1107 et
1204 1061 1280 1106 ista
1306 1072 1374 1108 tot
1391 1063 1556 1107 anima-

269 1134 326 1179 lia
341 1169 355 1191 ‚
375 1145 484 1195 quot
510 1131 699 1178 mundus
727 1131 819 1194 ipse
838 1150 929 1180 non
948 1134 1090 1197 potest
1114 1151 1271 1196 capere
1286 1169 1299 1191 ‚
1328 1134 1556 1180 derideat?

271 1207 379 1252 Non
398 1206 494 1252 sunt
511 1240 525 1261 ,
545 1203 686 1267 inquit
703 1240 717 1260 ,
742 1205 926 1252 virtutes
946 1206 1078 1252 multa
1099 1206 1300 1252 animalia
1316 1242 1329 1263 ,
1350 1218 1394 1252 et
1413 1219 1560 1251 tamen

269 1279 473 1326 animalia
503 1280 611 1326 sunt.
642 1281 756 1325 Nam
782 1281 1158 1342 quemadmodum
1181 1280 1334 1343 aliquis
1358 1292 1401 1326 et
1425 1282 1559 1343 po'e'ta

271 1354 335 1402 est
364 1366 408 1401 et
425 1365 605 1410 orator,
630 1365 672 1399 et
704 1364 848 1401 tamen
876 1372 1018 1402 unus:
1048 1354 1105 1401 fic
1133 1354 1317 1402 virtutes
1341 1353 1444 1400 istae
1467 1355 1560 1400 ani-

271 1428 402 1476 malia
429 1427 554 1485 sunt,
579 1427 651 1474 sed
674 1429 810 1475 multa
838 1446 928 1476 non
960 1431 1066 1477 sunt.
1097 1429 1216 1475 Idem
1239 1428 1301 1474 est
1324 1429 1496 1476 animus
1515 1441 1562 1476 et

272 1500 437 1555 iustus,
468 1512 512 1547 et
545 1500 739 1563 prudens
759 1537 772 1559 ‚
807 1513 851 1548 et
882 1500 1033 1560 fortis,
1069 1504 1123 1548 ad
1161 1501 1343 1565 singulas
1375 1502 1562 1548 virtutes

271 1576 614 1637 quodammodo
640 1574 681 1620 se
713 1575 889 1622 habens.
912 1576 1084 1622 Sublata
1110 1575 1171 1623 est
1198 1575 1424 1639 quaestio:
1449 1592 1563 1622 con-

273 1648 398 1697 venit
429 1648 571 1695 nobis,
605 1647 721 1693 Nam
760 1661 804 1694 et
837 1665 921 1712 ego
956 1648 1131 1695 interim
1165 1647 1333 1704 fateor,
1364 1647 1564 1693 animum

274 1722 431 1769 animal
457 1721 540 1770 effe
560 1720 739 1783 :postea
760 1722 960 1777 visurus,
983 1738 1118 1783 quam
1138 1721 1191 1774 de
1216 1720 1294 1767 ista
1324 1738 1370 1768 re
1392 1720 1564 1767 senten-

273 1799 376 1845 tiam
403 1797 553 1844 feram.
584 1796 797 1843 Afflones
829 1797 924 1843 eius
949 1796 1150 1842 animalia
1169 1795 1255 1842 effe
1275 1810 1403 1857 negO.
1435 1794 1564 1839 Alio-

275 1871 383 1934 quin
411 1882 454 1916 et
475 1868 625 1915 omnia
649 1868 783 1915 verba
807 1884 933 1914 erunt
954 1868 1154 1913 animalia
1171 1903 1185 1924 ,
1218 1878 1260 1912 et
1285 1882 1441 1913 omnes
1459 1883 1564 1913 ver-

277 1944 359 1991 sus.
386 1945 499 1989 Nam
526 1942 558 1988 fi
583 1941 727 1989 sermo
759 1941 949 2002 prudens
968 1940 1134 1987 bonum
1165 1939 1257 1986 est:
1286 1940 1453 1986 bonum
1483 1957 1564 1985 au-

276 2030 364 2065 tem
386 2033 521 2063 omne
534 2015 691 2063 animal
711 2014 793 2061 est:
813 2015 957 2061 sermo
974 2029 1080 2076 ergo
1100 2012 1261 2058 animal
1277 2012 1350 2059 est.
1369 2013 1563 2060 Prudens

279 2090 428 2137 versus
443 2126 458 2149 ‚
481 2090 653 2137 bonum
674 2088 734 2135 est
754 2107 763 2135 :
784 2089 950 2135 bonum
978 2099 1122 2134 autem
1141 2102 1275 2133 omne
1303 2085 1461 2133 animal
1477 2085 1563 2132 est:

279 2165 429 2213 versus
456 2180 564 2227 ergo
590 2162 750 2209 animal
769 2161 843 2210 est.
866 2163 1045 2225 Itaque,

411 2277 548 2320 Arma
574 2273 785 2334 virumque
819 2289 952 2328 cano,

280 2381 439 2427 animal
464 2382 552 2429 est:
572 2381 695 2444 quod
710 2397 802 2427 non
822 2378 998 2443 poffunt
1016 2378 1257 2425 rotundum
1283 2378 1445 2433 dicere,
1462 2390 1565 2423 cum

284 2455 357 2503 sex
377 2457 510 2520 pedes
528 2457 696 2505 habeat.
723 2455 989 2504 Textorium
1004 2486 1019 2512 ,
1038 2453 1184 2519 inquis
1198 2489 1213 2514 ‚
1233 2464 1374 2502 totum
1393 2451 1567 2499 melier-2
