1730 2870
347 114 613 162 NATUR.
662 113 974 176 QUAEsT.
1027 114 1149 166 ΜΒ.
1199 120 1253 167 11.
1340 136 1423 182 225

157 217 376 284 longeque
407 220 642 269 violentius
673 222 839 284 semper
862 239 914 268 ex
936 224 1209 290 necestitate,
1235 241 1364 289 quam
1380 244 1433 274 ex

158 293 322 340 virtute
357 293 588 339 corruitur.
618 294 819 349 Maiora,
851 308 921 340 aut
947 308 1062 342 certe
1083 298 1223 359 paria,
1250 310 1434 346 conatur

156 368 325 412 animus
350 382 609 427 magnusvac
638 368 842 427 perditus.
864 368 1123 430 Cogitemus
1138 404 1152 424 ,
1172 386 1278 427 nos,
1298 387 1432 434 quan—

155 447 248 484 tum
279 438 332 482 ad
361 450 552 484 mortem
574 472 587 493 ,
615 440 816 500 proditos
838 441 952 487 effe:
983 454 1026 487 et
1063 441 1220 490 fitmus.
1249 447 1307 489 lta
1338 444 1399 490 est
1418 476 1432 501 ,

154 509 307 556 Lucili.
337 511 509 558 Omnes
538 511 808 558 reservamur
828 513 883 558 ad
901 526 1105 562 mortem,
1124 513 1292 562 Totum
1317 517 1436 565 hunc

155 598 286 643 quem
323 583 450 630 vides
480 583 689 645 populum
711 618 725 640 ‚
760 600 873 646 quos
904 585 1083 647 usquam
1122 589 1285 650 cogitas
1313 589 1398 636 effe
1418 622 1434 648 ,

150 653 243 704 cito
277 667 427 701 natura
449 654 676 702 revocabit
700 669 743 701 et
769 656 956 702 condet:
989 672 1070 702 nec
1090 658 1144 704 de
1171 675 1218 705 re
1238 696 1250 717 ‚
1284 660 1355 706 sed
1380 662 1435 708 de

153 726 224 772 die
238 728 444 790 queritur.
478 727 648 773 Eodem
669 725 795 773 citius
822 727 1041 775 tardiusve
1066 730 1331 777 veniendum
1357 732 1433 779 eft.

152 798 276 858 Quid
300 799 436 862 ergo?
466 799 570 844 Non
592 797 671 843 tibi
689 798 884 844 ῐιιῃιὼΗ
871 815 986 845 mus
1011 801 1211 847 omnium
1230 803 1435 864 videtur,

152 882 196 915 et
211 868 602 931 mfipoennffimus,
628 867 705 931 qui
725 884 886 932 magno
913 853 1080 916 ambitu
1101 886 1234 953 rogat
1259 891 1433 924 moram

151 942 336 990 mortis
325 941 343 978 ²
374 943 536 988 Nonne
562 956 868 989 contemneres
888 960 1017 999 eum,
1037 945 1113 1007 qui
1132 946 1243 994 inter
1263 949 1432 1010 peritu—

151 1033 227 1064 ros
259 1016 538 1071 constitutus,
581 1016 785 1063 beneficii
816 1017 920 1064 loco
953 1031 1140 1081 peteret,
1177 1033 1226 1067 ut
1255 1022 1432 1071 ultimus

149 1091 369 1139 cervicem
396 1090 648 1152 praeberet?
682 1091 801 1137 Idem
825 1091 1020 1139 facimus.
1045 1094 1211 1156 Magno
1237 1096 1433 1144 aestima-

149 1179 246 1209 mus
261 1198 275 1220 ‚
296 1162 410 1208 mori
428 1162 603 1208 tardius.
622 1164 668 1207 In
686 1179 842 1210 omnes
863 1164 1147 1211 constitutum
1168 1166 1228 1212 est
1246 1169 1430 1230 capitale

146 1233 406 1297 supplicium
427 1270 440 1291 ‚
456 1249 500 1282 et
518 1235 698 1298 quidem
719 1236 1030 1284 constitutione
1047 1238 1276 1286 iustiffima.
1290 1242 1431 1301 Nam,

146 1308 270 1372 quod
290 1308 530 1354 maximum
557 1307 664 1354 solet
687 1308 771 1354 effe
797 1308 997 1356 solatium
1019 1325 1210 1358 extrema
1230 1313 1430 1375 passuris,

146 1397 339 1453 quorum
368 1382 520 1428 eadem
548 1381 693 1439 causa,
729 1381 820 1430 sors
851 1384 1002 1430 eadem
1036 1384 1109 1431 est.
1133 1387 1429 1449 Sequeremur

145 1456 290 1503 traditi
322 1473 346 1502 a
377 1456 521 1502 iudice
559 1468 631 1502 aut
666 1456 913 1520 magistratu
932 1492 946 1516 ‚
981 1469 1023 1505 et
1055 1460 1246 1507 carnifici
1275 1463 1429 1511 nostro

146 1528 460 1592 praestaremus
490 1527 747 1591 obsequium
776 1546 787 1575 :
818 1529 923 1592 quid
954 1530 1162 1590 interest,
1193 1545 1337 1580 utrum
1372 1536 1426 1582 ad

149 1616 339 1651 mortem
366 1601 460 1647 iuffi
481 1618 655 1659 eamus,
686 1619 741 1648 an
764 1602 1058 1650 ultronei?O
1014 1612 1126 1651 (ste
1152 1607 1427 1667 dementem,

145 1689 189 1726 et
215 1676 401 1724 oblitum
437 1637 677 1737 fragilitatis
705 1687 827 1733 tuae,
858 1675 886 1722 fi
914 1688 1017 1724 tunc
1039 1692 1228 1726 mortem
1265 1681 1391 1729 times
1408 1716 1426 1741 ‚

148 1767 247 1797 cum
277 1746 420 1795 tonat!
455 1750 570 1793 Itane
597 1747 701 1794 salus
727 1759 797 1794 tua
824 1749 869 1795 in
897 1748 983 1796 hoc
1011 1747 1229 1798 vertitur?
1252 1753 1389 1800 Vives
1407 1785 1426 1812 ,

147 1823 178 1870 fi
196 1822 360 1869 fulmen
378 1818 613 1882 effugeris?
633 1822 752 1868 Petet
768 1834 809 1868 te
829 1823 996 1886 gladius
1010 1859 1023 1881 ‚
1053 1838 1169 1886 petet
1189 1825 1294 1888 lapis
1308 1859 1320 1882 ,
1341 1845 1423 1890 pe-

145 1907 205 1943 tet
221 1893 360 1941 febris.
391 1892 496 1936 Non
517 1892 755 1938 maximum
778 1910 830 1939 ex
850 1894 1076 1956 periculis,
1107 1896 1179 1943 sed
1201 1897 1425 1960 speciosis-2>

146 1967 299 2013 fimum
320 1964 486 2012 fulmen
514 1963 588 2010 est.
610 1965 726 2012 Male
751 1965 913 2013 scilicet
929 1967 1010 2012 erit
1029 1968 1167 2014 achim
1188 1980 1331 2015 tecum
1350 2001 1363 2025 ‚
1390 1970 1423 2017 fi

146 2038 312 2087 sensum
338 2036 492 2083 mortis
521 2049 622 2083 tuae
642 2037 836 2084 celeritas
864 2036 1032 2085 infinita
1052 2042 1357 2101 praevenerit,
1390 2042 1423 2089 fi

148 2127 268 2158 mors
286 2125 358 2157 tua
383 2109 692 2172 procurabitur
708 2143 721 2167 ‚
754 2109 783 2154 fi
810 2127 864 2157 ne
893 2122 995 2158 tunc
1013 2112 1190 2173 quidem
1212 2130 1312 2159 cum
1341 2131 1421 2161 ex·-

146 2183 306 2247 spiras,
334 2181 648 2244 supermcuus,
676 2181 748 2228 sed
767 2183 944 2230 alicuius
963 2201 1144 2246 magnae
1168 2186 1231 2232 rei
1252 2185 1421 2250 sgnum

145 2275 203 2321 es.
230 2257 345 2303 Male
375 2255 536 2302 scilicet
560 2270 708 2301 tecum
732 2257 894 2319 agitur,
922 2256 952 2302 fi
980 2274 1082 2303 cum
1108 2257 1289 2306 fulmine
1307 2277 1424 2308 con-

146 2314 271 2378 deris.
300 2330 383 2376 Sed
409 2328 602 2392 pavescis
628 2329 681 2374 ad
711 2330 824 2376 coeli
857 2329 1107 2392 fragorem,
1139 2343 1183 2377 et
1209 2333 1304 2377 ad
1293 2350 1421 2382 mane

145 2401 341 2448 nubilum
361 2401 574 2463 trepidas,
608 2413 652 2447 et
680 2401 858 2462 quoties
878 2401 1040 2466 aliquid
1058 2403 1214 2452 effulsit
1228 2436 1243 2460 ,
1272 2405 1423 2471 exspie

209 2475 258 2520 L.
278 2476 402 2520 Ann.
430 2476 598 2521 Seneca.
631 2475 674 2518 V
672 2475 725 2517 ol.
747 2475 770 2517 I
778 2477 823 2517 V
820 2503 830 2519 0
1134 2476 1167 2521 Ρ
