1730 2870
246 138 336 185 194
483 123 531 168 L.
578 118 866 165 ANNAEI
919 115 1278 171 SENECAE.

240 227 304 276 set
320 227 515 275 intendi?
544 224 772 287 Numquid
793 222 963 270 dubitas
978 259 992 282 ‚
1016 223 1123 287 quin
1142 221 1300 285 sparsio
1319 220 1393 268 illa
1410 216 1521 286 quae

241 319 296 350 ex
317 299 612 348 fundamentis
641 297 809 344 mediae
838 311 992 343 arenae
1019 295 1215 344 crescens
1242 295 1287 342 in
1307 295 1520 343 summam

240 373 515 422 altitudinem
549 369 857 434 amphitheatri
886 368 1116 431 pervenit,
1152 373 1254 415 c'um
1282 366 1523 415 intensione

241 462 378 510 aquae
392 444 499 492 fiat?
519 443 656 508 Atqui
675 457 755 488 nec
773 439 944 486 tolleno
961 439 1101 502 magis
1115 473 1129 496 ‚
1148 456 1229 487 nec
1249 439 1386 486 ullum
1407 438 1525 485 aliud

206 533 208 536 ’
240 528 513 566 tormentum
531 532 692 579 aquam
716 513 880 576 poterit
908 512 1083 559 mittere
1098 546 1111 569 ,
1131 525 1205 558 aut
1222 527 1366 575 agere,
1393 527 1526 575 quam

241 589 429 653 spiritus.
451 588 568 636 Huic
590 587 633 634 se
658 586 916 634 commodat
943 601 955 631 :
981 583 1069 631 hoc
1094 583 1255 630 inserto
1274 598 1318 631 et
1337 596 1527 647 cogente

241 662 484 717 attollitur,
516 676 559 708 et
588 672 744 708 contra
775 671 971 706 naturam
997 656 1115 703 suam
1146 656 1280 703 multa
1309 670 1526 713 conatur,

241 750 286 782 et
314 734 532 793 ascendit,
560 747 659 780 nata
685 731 891 779 defluere.
914 729 1036 790 Quid
1064 728 1238 792 navigia
1261 728 1425 776 sarcina
1448 730 1528 777 de-

241 805 409 870 pressa,
446 822 600 869 parum
636 804 898 860 ostendunt,
929 819 1019 849 non
1049 818 1205 866 aquam
1238 801 1316 848 fibi
1340 801 1529 849 resistere

241 895 336 943 quo
380 880 525 926 minus
552 890 830 941 mergantur,
869 876 943 924 sed
978 876 1209 939 spiritum?
1247 878 1377 939 Aqua
1409 876 1529 924 enim

241 953 421 1000 cederet
441 970 451 998 τ
470 969 551 999 nec
566 952 706 1015 poiset
728 952 926 1014 pondera
945 950 1146 997 sustinere
1161 986 1174 1006 ‚
1200 949 1275 996 nifi
1294 949 1385 1012 ipsa
1405 948 1530 996 susti-

239 1040 431 1072 neretur.
447 1023 608 1072 Discus
633 1041 686 1070 ex
703 1024 809 1071 loco
831 1022 1053 1086 superiore
1072 1022 1117 1068 in
1132 1021 1339 1085 piscinam
1359 1023 1533 1081 missus,

241 1113 336 1143 non
361 1096 607 1154 descendit,
634 1095 711 1142 sed
733 1095 876 1142 resilit.
902 1095 1277 1158 quemadmodum
1294 1130 1307 1150 ‚
1343 1094 1419 1141 nifi
1448 1097 1534 1160 spi-

242 1171 330 1216 ritu
347 1168 593 1216 referente?
616 1171 721 1215 Vox
740 1181 886 1214 autem
913 1185 999 1231 qua
1022 1167 1189 1213 ratione
1209 1183 1287 1229 per
1313 1168 1532 1229 parietum

243 1241 518 1287 munimenta
553 1240 884 1297 transmittitur,
916 1239 992 1285 nifi
1024 1239 1148 1302 quod
1176 1238 1318 1285 solido
1352 1255 1534 1303 quoque

244 1315 320 1361 a'e‘r
347 1313 481 1371 inest,
507 1313 584 1377 qui
611 1314 769 1361 sonum
797 1313 1069 1360 extrinsecus
1103 1311 1277 1358 miffum
1302 1323 1344 1358 et
1372 1314 1531 1376 accipit

243 1396 289 1432 et
314 1385 527 1432 remittit?
556 1384 719 1433 scilicet
737 1384 887 1446 spiritu
908 1400 997 1429 non
1021 1394 1167 1445 aperta
1191 1394 1357 1429 tantum
1386 1384 1532 1432 inten-

245 1457 381 1514 dens,
407 1457 480 1504 sed
506 1457 637 1504 etiam
667 1458 810 1503 abdita
840 1472 882 1503 et
915 1456 1087 1502 inclusa.
1125 1456 1264 1515 Quod
1295 1455 1357 1501 illi
1391 1456 1536 1504 facere

245 1529 502 1591 expeditum
530 1528 618 1585 est,
639 1528 742 1591 quia
776 1528 988 1590 nusquam
1019 1526 1204 1584 divisus,
1242 1526 1314 1572 sed
1340 1544 1418 1589 per
1444 1528 1533 1590 ipsa

244 1601 403 1665 quibus
422 1599 803 1663 separarixvidetur
820 1635 833 1656 ‚
852 1600 942 1647 coit
962 1600 1123 1647 secum.
1153 1602 1408 1662 Interponas
1427 1601 1530 1648 licet

245 1689 399 1721 muros
425 1686 467 1721 et
492 1674 680 1721 mediam
711 1673 984 1720 altitudinem
1007 1671 1256 1728 montium,
1287 1688 1364 1734 per
1384 1674 1535 1720 omnia

243 1745 321 1794 ista
353 1746 618 1809 prohibetur
644 1745 772 1792 nobis
793 1745 878 1793 effe
909 1745 1085 1808 pervius
1099 1780 1113 1802 ‚
1134 1760 1226 1791 non
1245 1745 1336 1793 fibi,
1350 1746 1394 1792 id
1415 1747 1534 1794 enim

244 1821 555 1868 intercluditur
571 1832 743 1867 tantum
761 1855 778 1877 ,
804 1836 882 1883 per
900 1819 1027 1883 quod
1045 1819 1165 1866 illum
1184 1835 1266 1866 nos
1291 1819 1411 1883 sequi
1430 1821 1533 1883 pos·

245 1893 406 1942 sumus.

305 1967 363 2013 X.
387 1966 480 2028 Ipse
504 1965 683 2030 quidem
708 1964 855 2012 transit
878 1981 956 2027 per
983 1964 1125 2027 ipsum
1152 1963 1275 2028 quod
1294 1962 1536 2024 scinditur-3

242 2055 288 2088 et
321 2041 464 2087 media
503 2056 595 2086 non
636 2038 954 2086 circumfundit
988 2050 1155 2084 tantum
1178 2073 1191 2094 ‚
1231 2049 1274 2082 et
1311 2037 1532 2101 utrimque

242 2116 410 2179 cingit,
432 2114 506 2161 sed
527 2125 750 2177 permeat,
785 2112 838 2158 ab
865 2111 1039 2158 aethere
1067 2109 1330 2156 lucidiffimo
1357 2111 1459 2165 aer,
1485 2109 1533 2155 in

243 2203 403 2235 terram
424 2188 557 2251 usque
576 2185 782 2233 diffusus:
814 2185 973 2248 agilior
991 2183 1168 2246 quidem
1188 2216 1202 2238 ,
1230 2182 1496 2245 tenuiorque

243 2276 289 2309 et
314 2264 442 2310 altior
465 2263 622 2317 terris,
661 2278 743 2309 nec
776 2261 919 2307 minus
948 2259 1102 2324 aquis:
1135 2273 1331 2307 ceterum
1361 2258 1532 2304 aethere

243 2336 416 2398 spiffior
445 2336 716 2400 graviorque
734 2370 748 2391 ‚
770 2333 955 2396 frigidus
984 2350 1061 2395 per
1078 2333 1120 2379 se
1143 2347 1188 2380 et
1209 2331 1424 2379 obscurus.
1456 2328 1532 2374 lu-

245 2425 347 2455 men
377 2407 439 2455 illi
473 2408 680 2472 calorque
701 2407 875 2456 aliunde
896 2406 1019 2465 sunt3
1054 2406 1127 2454 sed
1158 2421 1236 2470 per
1267 2419 1400 2455 omne
1431 2400 1535 2466 spat
