1730 2870
280 86 375 150 384
491 87 802 136 L..ANNAE1
835 88 1098 138 SENECAE
1132 93 1337 141 LUDUS

276 197 336 244 ait
356 199 527 264 Varro)
549 199 636 245 fine
657 198 801 262 capite
815 235 829 257 ,
847 198 935 261 fine
953 202 1217 265 praeputio?
1239 205 1310 252 Est
1328 205 1492 270 aliquid
1509 206 1556 255 in

277 288 335 318 eo
352 273 487 319 Stoici
507 272 600 319 Dei
620 290 630 318 :
648 272 733 317 iam
755 272 890 319 video
903 309 917 330 ,
937 291 1016 320 nec
1036 292 1116 321 cor
1128 310 1144 332 ,
1161 293 1241 323 nec
1261 292 1391 339 caput
1410 279 1554 328 habet.

277 345 322 391 Si
342 345 609 392 mehercules
623 362 645 390 a
663 346 850 392 Saturno
869 346 1040 407 petisset
1058 348 1146 396 hoc
1163 350 1423 399 beneficium
1440 386 1453 408 ‚
1474 371 1554 400 cu-

276 420 342 466 ius
357 419 545 465 mensem
561 431 660 465 toto
679 435 796 464 anno
820 420 1056 468 celebravit
1073 423 1308 472 Saturnalia
1327 427 1418 474 eius
1434 429 1555 491 prin—

275 509 379 554 ceps
393 528 408 549 ,
427 508 517 539 non
536 491 711 538 tuliffet.
732 492 855 538 Illum
873 493 1024 540 Deum
1044 495 1098 541 ab
1115 498 1246 552 Iove,
1262 513 1393 560 quem
1416 516 1556 561 quan-

276 578 369 611 tum
388 565 565 627 quidem
587 565 632 611 in
652 564 728 612 illo
747 565 854 623 fuit,
875 567 1101 614 damnavit
1117 566 1280 614 incesti.
1302 570 1350 614 L.
1364 569 1553 616 Silanum

274 638 393 684 enim
428 655 634 702 generum
672 640 794 686 suum
833 640 1011 687 occidit.
1056 642 1155 687 Oro
1189 654 1371 705 propter
1402 644 1507 705 quid
1535 643 1554 690 ?

275 709 475 756 sororem
507 711 653 766 suam,
693 710 1005 759 festiviffimam
1037 713 1239 760 omnium
1276 712 1517 775 puellarum
1539 751 1554 774 ,

275 801 407 847 quam
445 801 598 831 omnes
630 788 851 832 Venerem
889 800 1127 842 vocarent,
1157 785 1308 832 maluit
1340 784 1553 835 Iunonem

277 873 460 903 vocare.
482 859 658 917 Quare,
685 857 827 920 inquit
841 893 854 914 ,
871 873 1036 921 quaero
1055 858 1195 916 enim,
1219 858 1418 905 sororem
1433 859 1552 908 suam

277 929 402 975 stulte
424 929 623 975 studere?
650 930 835 976 Athenis
855 929 1083 976 dimidium
1106 930 1209 979 licet
1224 965 1238 987 ,
1266 930 1555 979 Alexandriae

277 1016 449 1049 totum.
439 1004 456 1038 ἶ
477 1004 595 1063 Quia
614 1005 811 1061 Romae,
838 1004 1006 1067 inquit,
1034 1021 1179 1051 mures
1199 1005 1336 1052 molas
1354 1005 1550 1069 lingunt:

276 1076 348 1122 hic
375 1075 502 1121 nobis
528 1091 662 1120 curva
691 1075 888 1138 corrigit.
914 1075 1080 1135 Quid
1069 1093 1114 1122 m
1143 1076 1348 1124 cubiculo
1381 1078 1458 1124 suo
1487 1079 1555 1125 fa-

278 1149 387 1205 ciat,
420 1147 599 1194 nescio:
630 1148 684 1193 et'.
690 1165 757 1193 am
780 1149 892 1195 coeli
913 1150 1124 1196 scrutatur
1147 1150 1313 1214 plagas,
1332 1151 1440 1198 deus
1459 1150 1555 1199 fieri

276 1223 385 1270 vult.
409 1223 562 1267 Parum
586 1221 646 1267 est
679 1222 801 1280 quod
831 1221 1086 1283 templum
1076 1239 1119 1267 ιη
1151 1222 1367 1268 Britannia
1394 1223 1553 1282 habet,

274 1297 398 1359 quod
418 1295 532 1340 hunc
555 1294 724 1339 barbari
746 1295 899 1340 colunt
914 1326 928 1349 ‚
959 1307 1000 1340 et
1019 1306 1066 1340 ut
1084 1295 1213 1340 deum
1237 1308 1376 1340 orant.
1395 1303 1552 1358 Ἀλώρου

276 1375 440 1420 mimi-tou
466 1373 574 1429 χήιςν.
604 1368 804 1414 Tandem
822 1369 920 1416 Iovi
941 1369 1063 1416 venit
1083 1370 1127 1415 in
1158 1384 1348 1416 mentem
1365 1403 1378 1425 ‚
1406 1370 1551 1431 priva-

276 1442 330 1487 tis
358 1442 469 1487 intra
497 1441 660 1487 curiam
692 1442 965 1487 morantibus
993 1440 1244 1488 sententiam
1271 1443 1440 1495 dicere,
1471 1460 1553 1490 nec

277 1515 509 1577 disputare.
528 1516 648 1577 Ego,
674 1515 841 1577 inquit,
867 1516 912 1561 P.
935 1514 985 1559 C.
1005 1513 1275 1576 interrogare
1296 1516 1424 1561 vobis
1448 1533 1552 1578 per-

273 1585 501 1646 miseram,
529 1603 616 1635 vos
649 1602 766 1633 mera
799 1585 979 1648 mapalia
1010 1583 1180 1632 fecistis.
1216 1585 1338 1632 Volo
1373 1586 1554 1635 servetis

273 1660 544 1724 disciplinam
563 1661 722 1707 curiae.
741 1659 826 1705 Hic
847 1658 1159 1722 qualiscunque
1178 1658 1260 1716 est,
1278 1658 1382 1722 quid
1401 1660 1454 1707 de
1470 1676 1553 1706 no-

276 1738 341 1785 bis
373 1733 667 1783 existimabit?
704 1733 785 1779 1110
816 1731 1021 1788 dimisso,
1059 1730 1226 1793 primus
1259 1730 1553 1795 interrogatur

276 1808 527 1857 sententiam
549 1809 676 1853 Ianus
695 1818 816 1870 patet·
838 1822 848 1851 :
877 1804 912 1852 is
932 1804 1171 1867 designatus
1189 1817 1281 1851 erat
1299 1805 1343 1851 in
1364 1807 1463 1852 Kal.
1482 1811 1550 1854 lu·-

278 1884 353 1929 lias
385 1880 748 1944 postmeridianus
777 1879 878 1925 Cos.
912 1879 1052 1924 homo
1083 1877 1368 1940 quantumvis
1398 1879 1550 1937 vafer,

275 1957 351 2021 qui
371 1957 540 2018 semper
560 1953 681 2000 videt
705 1959 791 2013 ὀἶμαι
810 1959 966 2013 πρόσσω
989 1959 1054 1998 καὶ
1079 1959 1240 2000 ὀπίσσω.
1260 1952 1297 1996 Is
1327 1950 1462 1996 multa
1483 1951 1551 1998 di·-

276 2031 410 2087 serte‚
431 2028 554 2092 quod
572 2027 616 2073 in
640 2025 742 2072 foro
767 2025 891 2072 vivat
906 2057 919 2078 ‚
939 2024 1070 2081 dixit,
1096 2041 1208 2087 quae
1234 2023 1428 2070 notarius
1447 2041 1547 2086 per-

274 2102 396 2166 sequi
415 2118 505 2148 non
526 2101 699 2164 potuit:
718 2110 758 2144 et
776 2098 878 2144 ideo
903 2115 992 2143 non
1019 2097 1162 2144 refero
1185 2115 1195 2143 :
1217 2116 1270 2145 ne
1293 2098 1383 2144 aliis
1404 2099 1550 2146 verbis

276 2191 466 2239 ponam,
496 2190 607 2237 quae
626 2173 679 2219 ab
702 2172 779 2219 illo
797 2171 906 2218 dicia
927 2171 1034 2218 sunt.
1062 2171 1200 2217 Multa
1217 2171 1328 2218 dixit
1348 2172 1402 2218 de
1424 2189 1547 2236 mag-

277 2248 474 2294 nitudine
486 2249 698 2294 deorum:
724 2260 813 2291 non
832 2244 990 2291 debere
1008 2243 1122 2289 hunc
1141 2244 1275 2307 vulgo
1293 2243 1384 2290 dari
1405 2244 1548 2290 hono·

277 2337 385 2367 rem.
407 2319 555 2377 Olim,
581 2318 750 2382 inquit,
774 2334 1014 2380 magnares
1030 2330 1150 2372 erat,
1168 2317 1294 2363 deum
1319 2316 1411 2363 fieri
1431 2335 1440 2364 :
1461 2316 1545 2363 iam

270 2392 390 2439 fama
417 2393 601 2440 nimium
622 2391 772 2440 fecisti.
797 2394 947 2456 Itaque
976 2406 1028 2438 ne·
1049 2390 1200 2439 videar
1222 2390 1265 2438 in
1291 2390 1548 2453 personam,
