1730 2870
270 130 363 174 224
505 116 553 162 L.
605 115 897 160 ANNAEI
953 116 1311 163 SENECAE

264 221 440 285 periora
473 220 655 278 nititur,
689 234 733 266 et
764 221 811 266 in
849 219 1059 268 inferiora
1084 223 1355 285 deprimitur.
1397 225 1549 284 Quare

264 294 515 357 frequenter
551 292 780 341 cacumina
804 293 1022 339 montium
1053 292 1300 341 feriuntur?
1326 296 1443 355 Quia
1466 312 1550 360 op-

265 367 403 430 posita
425 365 520 412 sunt
543 364 731 411 nubibus
749 401 762 423 ,
787 376 830 412 et
848 381 871 412 e
891 365 1018 413 coelo
1039 366 1288 413 cadentibus
1304 403 1318 426 ,
1338 385 1419 431 per
1441 368 1549 416 haec

207 466 213 473 ‚
264 438 573 485 transeundum
604 436 677 487 est.

333 511 448 556 LIX,
488 510 686 574 Intelligo
719 510 826 573 quid
858 509 944 557 iam
974 509 1137 556 dudum
1171 511 1406 569 defideres,
1443 513 1550 577 quid

267 584 485 646 efflagites.
510 584 633 630 Malo
653 619 669 640 ‚
688 583 860 646 inquis,
888 582 1066 630 fulmina
1098 600 1189 630 non
1215 584 1395 645 timere,
1415 597 1549 650 quam

264 657 403 704 noffe.
424 660 571 721 Itaque
597 657 706 703 alios
732 658 841 703 doce
861 692 874 715 ‚
895 657 1271 719 quemadmodum
1299 657 1421 707 fiant.
1451 664 1550 725 Ego

265 732 375 778 mihi
394 744 560 778 metum
581 731 760 778 illorum
779 732 925 777 excuti
953 731 1088 788 volo,
1108 748 1240 794 quam
1262 743 1456 780 naturam
1477 735 1549 781 in-

265 806 597 869 dicari.·Sequar
617 822 707 869 quo
727 821 876 852 vocas.
905 798 978 850 oni
987 804 1112 850 nibus
1131 804 1246 850 enim
1267 806 1420 861 rebus,
1449 823 1550 854 om-

264 880 478 943 nibusque
507 879 781 928 sermonibus
805 879 969 941 aliquid
989 878 1167 924 salutare
1188 877 1457 925 miscendum
1475 880 1551 929 est.

266 956 387 1000 Cum
413 953 526 1019 imus
555 970 634 1015 per
655 953 831 1000 occulta
857 968 1056 1008 naturae,
1084 968 1186 998 cum
1211 951 1363 999 divina
1391 943 1551 1000 tracta-

265 1043 363 1073 mus
377 1062 392 1083 ,
419 1026 712 1074 vindicandus
731 1024 791 1073 est
810 1042 834 1071 a
857 1024 981 1072 malis
1001 1024 1083 1071 suis
1102 1024 1272 1071 animus
1291 1060 1305 1081 ‚
1332 1042 1383 1072 ac
1401 1025 1550 1072 subin-

265 1099 324 1145 de
353 1096 623 1146 firmandus:
660 1098 783 1161 quod
815 1098 945 1145 etiam
981 1097 1187 1151 eruditis,
1219 1113 1262 1144 et
1292 1098 1380 1146 hoc
1412 1115 1551 1145 unum

263 1171 496 1235 agentibus
513 1206 528 1226 ,
548 1170 831 1219 necessarium
853 1170 914 1217 est
937 1189 947 1217 :
968 1187 1060 1217 non
1084 1184 1133 1218 ut
1164 1170 1423 1240 effugiamus
1440 1173 1551 1219 iiius

265 1260 442 1299 rerum3
464 1242 692 1308 (undique
711 1243 827 1291 enim
846 1243 927 1289 tela
950 1243 995 1288 in
1025 1259 1107 1289 nos
1135 1242 1381 1309 iaciuntur)
1401 1245 1473 1291 sed
1501 1258 1551 1293 ut

267 1316 442 1364 fortiter
473 1316 806 1379 constanterque
838 1315 1069 1378 patiamur.
1099 1315 1256 1362 Inviai
1282 1316 1368 1363 effe
1397 1316 1549 1379 poffu—

263 1407 362 1437 mus
379 1426 392 1447 ‚
425 1390 670 1455 inconcuffi
694 1406 785 1436 non
809 1389 1060 1452 poffurnus:
1092 1407 1341 1454 quanquam
1371 1391 1548 1438 interim

264 1464 358 1524 spes
375 1454 515 1520 subit}
532 1462 812 1510 inconcussos
828 1477 1008 1524 quoque
1025 1460 1108 1508 effe
1129 1478 1209 1508 nos
1226 1462 1362 1524 poffe.
1381 1465 1550 1522 Quem-

263 1535 537 1592 admodum,
572 1533 750 1597 inquis?
783 1534 1036 1579 Contemne
1066 1547 1257 1580 mortem
1281 1550 1296 1589 ;
1325 1544 1368 1579 et
1400 1535 1551 1581 omnia

261 1624 375 1670 quae
404 1607 457 1653 ad
489 1621 682 1653 mortem
711 1605 903 1661 ducunt,
927 1618 1151 1652 contemta
1185 1605 1312 1652 sunt:
1348 1608 1437 1654 sive
1477 1607 1550 1654 illa

263 1679 375 1726 bella
396 1679 499 1738 (int,
524 1679 614 1726 five
646 1676 869 1741 naufragia
889 1713 902 1734 ‚
927 1677 999 1723 seu
1028 1677 1196 1724 morsus
1226 1677 1413 1725 ferarum
1432 1714 1445 1734 ‚
1477 1679 1550 1727 seu

262 1752 487 1799 ruinarum
517 1749 658 1797 subito
682 1749 801 1812 lapsu
821 1750 1145 1812 procidentium
1173 1751 1383 1812 pondera.
1402 1753 1550 1798 Num-

212 1864 216 1873 ἶ
264 1824 371 1888 quid
405 1823 591 1887 amplius
628 1823 772 1871 facere
815 1822 1020 1885 poffunt,
1057 1839 1187 1885 quam
1218 1840 1265 1870 ut
1299 1842 1459 1888 corpus
1494 1827 1548 1872 ab

262 1897 408 1944 anima
434 1897 654 1944 resolvant
672 1891 825 1943 iniec
848 1895 960 1941 nulla
985 1895 1207 1958 diligentia
1231 1897 1369 1944 evitat
1390 1933 1403 1955 ,
1432 1900 1550 1946 nulla

263 1969 449 2016 felicitas
481 1970 665 2026 domat,
703 1967 818 2014 nulla
857 1966 1054 2029 potentia
1083 1967 1261 2014 evincit.
1301 1969 1394 2014 Alia
1428 1971 1549 2017 varia

265 2041 381 2088 forte
413 2041 731 2104 disponuntur:
763 2055 883 2086 mors
916 2055 1070 2086 omnes
1110 2055 1244 2102 aeque
1279 2055 1427 2088 vocat.
1458 2043 1550 2089 Ira-

266 2115 321 2161 tis
361 2113 442 2161 diis
484 2113 774 2177 propitiisque
820 2113 1099 2159 moriendum
1128 2113 1188 2158 est
1226 2131 1236 2159 :
1282 2114 1452 2162 animus
1492 2133 1549 2163 ex

265 2188 357 2251 ipsa
399 2186 697 2251 desperatione
747 2186 948 2234 sumatur.
999 2185 1273 2250 Ignaviffima
1314 2189 1511 2235 animalia
1532 2225 1548 2248 ,

268 2276 381 2323 quae
405 2272 558 2306 natura
577 2259 632 2306 ad
651 2257 796 2322 fugam
817 2260 970 2322 genuit
993 2294 1007 2317 ‚
1034 2259 1109 2305 ubi
1131 2259 1270 2304 exitus
1296 2254 1385 2304 non
1405 2272 1548 2318 patet,

268 2343 437 2396 tentant
467 2329 615 2393 fugam
648 2347 838 2394 corpore
863 2330 1041 2399 iinbelli.
1076 2330 1231 2377 Nullus
1263 2331 1547 2392 perniciosior

276 2403 409 2453 hostis
439 2403 530 2467 est,
567 2420 699 2468 quam
725 2421 859 2468 quem
885 2405 1094 2453 audacem
1113 2403 1326 2468 angustiae
1346 2403 1547 2455 faciunt:

475 2493 495 2521 x
