1730 2870
537 94 1062 142 FRAGMENTA.
1369 110 1459 156 423

192 207 267 254 vili
281 206 504 270 theologia
525 206 567 252 id
593 205 895 259 instituerunt,
917 203 1037 263 quod
1057 200 1137 246 diis
1151 213 1318 262 gratum
1336 198 1469 255 esset,

190 280 261 324 vel
273 280 328 324 ad
346 296 438 325 rem
455 278 713 346 pertineret:
734 277 805 321 sed
819 274 1069 338 iste‚.quem
1084 271 1331 334 philosophi
1349 271 1467 333 quasi

115 354 127 366 ⁸
189 351 376 396 liberum
417 348 647 403 fecerunt,
683 361 833 393 tamen
855 347 955 409 quia
992 348 1244 390 ILLUsrms
1283 345 1470 389 PoPULt

192 424 407 468 ROMANi
437 423 672 467 SENATOR
702 432 825 477 erat,
867 418 1037 464 colebat
1073 418 1195 479 ‘quod
1237 416 1473 476 reprehen-

192 496 319 541 debat
337 530 352 552 ,
401 496 553 559 agebat
584 495 704 558 quod
723 493 930 556 arguebat
951 526 966 547 ,
989 490 1110 554 quod
1131 488 1332 552 culpabat
1360 489 1472 535 ado-

194 569 329 617 rabat.

534 634 634 694 Cap.
655 645 741 689 XI,
764 634 811 677 de
827 633 958 676 eodem
979 633 1147 675 Seneca.

267 739 353 785 Hic
379 739 493 786 inter
520 740 622 786 alias
649 739 792 786 civilis
812 736 1056 798 theologiae
1075 733 1395 797 superstitiones
1414 751 1481 782 re-

204 813 436 874 prehendit
455 813 583 858 etiam
611 813 873 858 {acra-menta
906 810 1192 862 Iudaeorum,
1219 823 1261 854 et
1296 808 1483 854 maxime

204 886 375 932 sabbata
398 902 408 931 ε
430 885 636 930 inutiliter
660 886 705 930 id
724 901 800 931 eos
818 884 959 931 facere
991 884 1207 950 affirmans.
1227 918 1240 937 ,
1267 882 1386 946 quod
1407 899 1484 943 pet·

206 960 303 1007 illos
331 960 517 1022 singulos
549 959 709 1022 septem
740 959 1018 1021 interpositos
1035 959 1124 1004 dieo
1153 957 1377 1018 septimam
1397 957 1487 1004 fere

210 1045 373 1096 partem
395 1033 543 1078 aetatis
562 1034 657 1078 suae
677 1032 857 1094 perdant
875 1032 1097 1087 vacando,
1113 1045 1156 1076 et
1177 1031 1310 1075 multa
1325 1030 1369 1075 in
1382 1043 1488 1075 tem·

210 1123 321 1168 pore
350 1105 545 1167 urgentia
571 1123 660 1151 non
680 1107 851 1168 agendo
878 1106 1110 1150 laedantur.
1142 1103 1412 1150 Christianos
1430 1116 1491 1149 ta-

210 1193 336 1233 men,
357 1176 440 1222 iam
462 1191 563 1223 tunc
577 1178 741 1224 ludaeis
760 1176 1097 1232 inimicissimos,
1117 1176 1161 1220 in
1182 1189 1378 1220 neutram
1395 1190 1492 1235 par-

212 1262 301 1294 tem
329 1265 680 1296 commemorare
710 1251 830 1296 ausus
858 1251 1015 1296 est:ne
1035 1250 1106 1297 vel
1126 1249 1318 1295 laudaret
1338 1263 1492 1295 contra

215 1322 312 1369 suae
339 1323 500 1384 patriae
521 1338 713 1369 veterem
745 1324 1104 1369 consuetudinem
1120 1356 1133 1377 ,
1165 1323 1236 1369 vel
1256 1322 1494 1385 reprehen-

214 1393 338 1439 deret
356 1407 508 1442 contra
522 1395 744 1458 propriam
760 1395 937 1441 forsitan
957 1396 1243 1444 voluntatem.

767 1506 938 1550 Ibidem.

282 1601 356 1647 De
372 1600 450 1647 illis
467 1601 563 1647 sane
594 1602 756 1649 Iudaeis
778 1619 878 1649 cum
897 1604 1179 1665 loqueretur,
1198 1599 1277 1648 ait:
1297 1601 1412 1648 Cum
1429 1601 1491 1649 in-

222 1672 347 1719 terim
368 1673 500 1735 usque
519 1690 574 1718 eo
592 1673 926 1720 sceleratiffimae
940 1674 1076 1737 gentis
1095 1671 1364 1719 consuetudo
1388 1690 1500 1721 con-

225 1745 383 1800 valuit,
403 1759 449 1790 ut
469 1763 545 1808 per
562 1762 715 1792 omnes
728 1746 811 1792 iam
825 1761 955 1792 terras
973 1757 1147 1807 recepta
1161 1745 1230 1802 sit,
1247 1745 1502 1792 vifflvieio-

226 1821 344 1865 ribus
362 1819 473 1882 leges
502 1819 726 1867 dederunt.
757 1819 994 1866 Mirabatur
1023 1821 1127 1865 haec
1147 1819 1314 1874 dicens}
1338 1818 1503 1881 etquid

227 1889 437 1938 divinitus
466 1903 691 1953 ageretur,
712 1891 934 1954 ignorans.
957 1890 1147 1937 Subiecit
1179 1890 1303 1953 plane
1336 1890 1504 1936 senten-

226 1964 357 2018 tiam,
379 1979 462 2025 qua
489 1963 775 2026 significaret,
801 1963 907 2026 quid
942 1965 995 2010 de
1016 1963 1188 2009 illorum
1213 1962 1507 2010 sacramento-

231 2053 327 2081 rum
342 2035 510 2081 ratione
527 2035 713 2082 sentiret.
734 2035 805 2081 Ait
829 2035 973 2082 enim:
994 2035 1058 2080 Illi
1081 2048 1226 2081 tamen
1245 2035 1388 2082 causas
1405 2037 1511 2084 ritus

232 2107 304 2152 sui·
327 2120 548 2154 noverunt
567 2143 580 2162 ,
600 2121 643 2153 et
672 2108 812 2154 maior
830 2124 927 2170 pars
948 2107 1103 2171 populi
1128 2106 1230 2153 facit
1245 2143 1258 2165 ‚
1286 2109 1407 2170 quod
1434 2125 1512 2156 cur

231 2178 359 2226 faciat
375 2214 390 2238 ‚
408 2179 590 2242 ignorat.

487 2277 671 2334 scriptor
689 2276 795 2321 vitae
811 2278 860 2320 P.
879 2277 1042 2336 Virgilii
1055 2278 1266 2323 Maronis.

304 2374 464 2420 Seneca
492 2373 699 2430 tradidit,
731 2372 884 2419 lulium
920 2376 1183 2420 Montanum
1204 2376 1382 2436 poetam
1414 2374 1518 2424 soli-

1501 637 1530 662 Ο
