1730 2870
524 155 1116 229 iamsi-ome,
1225 221 1228 226 .
1399 195 1447 241 μ

452 322 924 369 EPISTOLA
1009 323 1194 371 CVII.

187 474 361 518 Solatur
383 470 588 516 Lucilium
609 466 651 516 G·
679 471 819 532 erigit,
849 471 892 517 irz
913 471 1025 534 fuga
1039 470 1263 532 fimorum.
1300 473 1382 540 Ista
1414 471 1457 520 δ’

251 546 343 591 alia
373 547 419 590 in
450 546 580 590 vitam
610 546 784 590 incidere
807 562 824 589 .·
848 547 1009 605 ideoque
1036 564 1122 590 non
1147 548 1365 607 inopinata
1391 545 1459 612 effe,

249 621 391 664 debere.
421 619 566 663 Patere
591 619 746 678 igitur,
777 621 888 679 quod
913 636 999 664 nott
1029 624 1234 666 emendas.
1260 621 1386 666 Bona
1413 619 1456 667 δ’

241 692 418 752 fizpicns
448 690 651 756 Epssola.

190 807 308 926 U
329 887 388 920 131
418 871 487 919 illa
516 870 743 934 prudentia
771 869 874 920 tua?
907 872 980 919 ubi
1006 871 1048 918 in
1080 871 1355 937 dispiciendis
1389 892 1461 923 re·

188 947 268 994 bus
295 945 538 993 subtilitas?
569 945 643 990 ubi
672 945 966 1007 magnitudo?
999 947 1112 992 Tam
1143 946 1286 1009 pusilla
1313 960 1355 994 te
1382 965 1462 994 an-

189 1021 334 1085 gunt?
368 1020 482 1068 servi
518 1020 829 1081 occupationes
858 1031 979 1078 tuas,
1018 1022 1293 1068 occasionem
1333 1021 1463 1086 fugae

188 1105 464 1158 putaverunt.
499 1093 542 1138 Si
563 1092 691 1139 amici
718 1093 994 1155 deciperent,
1027 1092 1244 1156 (habeant
1262 1095 1378 1141 enim
1400 1096 1463 1141 sa·

171 1185 245 1215 »ne
277 1183 464 1223 nomen,
491 1166 614 1228 quod
642 1165 722 1212 illis
747 1167 957 1229 Epicurus
983 1166 1128 1214 noster
1157 1167 1394 1229 imposuit,
1420 1180 1465 1214 et

189 1241 248 1287 ita
276 1237 526 1301 vocentur)
558 1252 649 1301 quo
679 1239 849 1301 turpius
878 1254 970 1284 non
995 1238 1075 1284 fint
1103 1240 1308 1286 omnibus
1333 1241 1464 1287 rebus

190 1315 304 1371 tuis,
334 1311 471 1359 desint
494 1312 585 1367 illi,
616 1312 693 1375 qui
718 1323 761 1358 et
789 1328 969 1374 operam
999 1324 1115 1357 tuam
1147 1313 1463 1370 conterebant,

191 1397 234 1432 et
260 1397 304 1431 te
338 1384 432 1430 aliis
467 1382 700 1430 molestum
734 1382 820 1429 effe
856 1382 1099 1429 credebant.
1146 1383 1266 1447 Nihil
1302 1384 1464 1431 horum

192 1457 435 1514 insolitum,
455 1456 559 1502 nihil
575 1455 910 1517 inexspeeratum
930 1453 1005 1501 est.
1026 1452 1207 1501 Offendi
1228 1457 1353 1503 rebus
1375 1457 1465 1503 istis

191 1543 277 1577 tam
306 1529 536 1576 ridiculum
563 1528 650 1587 est,
686 1543 817 1591 quam
846 1527 998 1590 queri,
1028 1530 1150 1592 quod
1180 1529 1387 1593 spargaris
1419 1531 1466 1577 in

193 1603 374 1666 publico
390 1615 503 1658 ,aut
531 1600 771 1664 inquineris
799 1600 843 1646 in
872 1600 978 1647 luto.
1010 1603 1172 1649 Eadem
1209 1602 1322 1650 vitae
1353 1619 1467 1650 con-

194 1676 305 1722 ditio
334 1675 422 1733 est,
451 1691 561 1737 quae
597 1673 767 1730 balnei,
797 1674 977 1727 turbae,
1014 1674 1178 1720 itineris
1210 1693 1220 1721 :
1251 1677 1463 1739 quaedam

193 1748 557 1805 intermittentur,
583 1747 796 1809 quaedam
826 1745 1033 1792 incident,
1067 1748 1171 1792 Non
1202 1746 1262 1793 est
1287 1747 1468 1794 delicata

195 1837 292 1877 res,
317 1821 484 1869 vivere.
521 1824 714 1883 Longam
743 1820 860 1867 viam
891 1819 1098 1882 ingressus
1129 1837 1174 1866 es
1203 1837 1213 1865 :
1245 1838 1287 1868 et
1311 1822 1468 1869 labaris

195 1907 396 1959 oportet,
416 1907 458 1941 et
474 1894 626 1941 arietes
640 1929 654 1951 ‚
675 1910 717 1940 et
737 1895 887 1950 cadas,
908 1905 949 1940 et
966 1893 1148 1949 lafferis,
1164 1906 1206 1940 et
1226 1895 1438 1943 exclames
1454 1933 1468 1954 ,

195 1970 241 2014 O
261 1984 405 2023 mors3
430 1966 474 2013 id
507 1966 595 2022 est,
625 1964 862 2013 mentiaris.
897 1965 999 2011 Alio
1030 1965 1135 2011 loco
1163 1967 1370 2013 comitem
1396 1985 1470 2014 re—

193 2039 394 2103 linques,
414 2039 499 2085 alio
529 2037 702 2097 efferes,
732 2037 820 2084 alio
849 2037 1032 2083 timebis.
1059 2039 1140 2084 Per
1165 2037 1379 2084 eiusmodi
1400 2039 1473 2086 of·

197 2112 336 2159 sensas
361 2112 655 2158 emetiendum
680 2110 740 2157 est
767 2110 1074 2172 confragosum
1110 2110 1197 2157 hoc
1227 2110 1321 2158 iter.
1350 2112 1470 2157 Mori

199 2203 270 2232 me
300 2185 422 2232 vult?
453 2199 733 2248 praeparetur
768 2184 938 2230 animus
975 2195 1126 2230 contra
1159 2185 1320 2230 omnia.
1360 2185 1474 2232 Sciat

200 2257 242 2304 se
262 2257 426 2307 venisse
443 2293 458 2316 ‚
476 2257 551 2303 ubi
570 2258 755 2320 patiatur
772 2256 937 2302 fulmen
956 2273 970 2311 ;
994 2257 1096 2303 sciat
1121 2257 1162 2304 se
1185 2257 1374 2316 venisse,
1394 2259 1469 2305 ubi

263 2388 415 2435 Luffus
440 2385 482 2434 δ’
501 2388 661 2433 ultrices
672 2385 836 2446 pofitere
855 2385 1004 2430 cubilia
1016 2403 1153 2439 curae,

266 2471 561 2532 Pallentesque·
576 2471 766 2515 habitant
795 2470 949 2528 morbi,
974 2468 1168 2587 trf‘stisqlge
1180 2468 1380 2529 fineHuS.

1190 2558 1215 2586 z-
