1730 2870
519 141 1113 187 EPISTOLAE.
1367 157 1446 205 105

179 244 286 291 illud
319 245 487 291 bonum
521 242 615 290 est?
656 245 748 289 Vos
775 255 890 289 certe
923 243 1089 300 dicitis,
1122 241 1396 304 sapientiam,
1424 246 1456 291 fi

180 318 268 365 fine
291 318 366 364 usu
395 317 544 374 detur,
568 316 864 379 accipiendam
891 334 990 364 non.
1010 317 1105 364 effe.
1139 316 1251 376 Quis
1277 316 1338 364 est
1358 318 1456 368 usus

179 389 444 452 sapientiae?
476 391 635 450 Sapere
659 406 669 434 :
696 390 784 436 hoc
810 388 871 435 est
895 389 939 434 in
962 389 1032 435 illa
1065 389 1412 452 pretiosissimum
1441 408 1454 437 z

180 477 270 524 quo
295 460 512 514 detracto,
527 460 790 522 supervacua
808 459 869 507 fit.
895 461 938 506 Si
961 476 1179 509 tormenta
1200 463 1311 508 mala
1333 463 1455 522 sunt,

179 533 376 595 torqueri
406 533 568 578 malum
593 531 654 578 est
677 548 687 577 t
713 534 823 578 adeo
857 532 1034 594 quidem
1051 568 1063 589 ‚
1088 546 1135 579 ut
1164 533 1231 581 illa
1255 550 1347 581 non
1374 535 1455 581 fint

178 604 310 658 mala,
329 603 358 648 fi
378 605 500 666 quod
526 603 740 666 sequitur,
766 603 1013 651 detraxeris.
1040 606 1254 667 Sapientia
1283 607 1455 653 habitus

179 667 393 737 perfeftae
420 677 576 722 mentis
602 675 660 722 est
681 694 691 722 :
712 676 883 738 sapere,
911 675 1010 722 usus
1036 676 1253 739 perfectae
1282 678 1456 725 mentis.

179 748 427 808 Quomodo
461 749 601 811 potest
632 749 728 796 usus
756 748 849 795 eius
884 748 1054 795 bonum
1082 766 1172 796 non
1202 750 1312 806 effe,
1343 768 1457 813 quae

178 824 265 866 {ine
287 817 363 866 usu
389 822 554 867 bonum
585 838 675 868 non
705 820 795 867 est?
828 823 1056 884 Interrogo
1081 835 1152 878 te,
1174 838 1227 867 an
1251 821 1458 884 sapientia

179 891 229 938 fit
257 893 510 954 expetenda.
534 892 694 940 fateris.
735 895 988 955 InterrogO,
1019 909 1072 938 an
1103 893 1198 940 usus
1228 893 1457 955 sapientiae

180 964 228 1009 sit
250 965 530 1027 expetendus.
556 964 714 1010 fateris.
747 980 876 1026 negas
899 963 1017 1010 enim
1039 976 1080 1010 te
1107 963 1220 1009 illam
1255 978 1459 1026 receptu-

178 1053 276 1082 rum
297 1071 310 1093 ‚
347 1035 376 1081 si
410 1036 473 1081 uti
503 1052 551 1083 ea
573 1036 863 1098 prohibearis.
893 1036 1015 1099 quod
1053 1036 1341 1098 expetendum
1366 1035 1459 1092 est,

180 1111 346 1156 bor-‚um
376 1109 449 1157 est.
499 1113 685 1172 Sapere,
713 1108 944 1171 sapientiae
972 1106 1069 1155 u‘sus
1095 1108 1156 1155 est
1184 1126 1195 1155 :
1221 1109 1456 1172 quomodo

180 1180 486 1243 eloquentiae,
517 1181 673 1244 loqui:
707 1181 941 1243 quomodo
970 1180 1203 1226 oculorum
1223 1216 1236 1237 ,
1266 1181 1419 1227 videre
1447 1197 1459 1227 ε

178 1269 284 1316 ergo
301 1252 448 1316 sapere
473 1253 702 1316 sapientiae
723 1252 821 1301 usus
842 1252 914 1299 est.
940 1253 1037 1298 usus
1063 1264 1204 1298 autem
1226 1251 1456 1314 sapientiae

178 1326 446 1387 expetendus
473 1325 570 1372 est.
596 1324 746 1389 sapere
767 1342 873 1388 ergo
897 1325 1190 1388 expetendum
1218 1324 1306 1371 est:
1325 1324 1459 1401 ἓξὲΧ-
1476 1372 1497 1387 ,λ

153 1448 162 1455 Χ
179 1398 417 1459 petendum
447 1398 537 1457 est,
568 1398 736 1446 bonum
763 1398 836 1446 est
882 1399 1004 1445 Olim
1035 1399 1124 1461 ipse
1156 1415 1227 1445 me
1258 1399 1424 1448 damno
1442 1398 1474 1456 2*

180 1472 257 1535 qui
286 1472 383 1521 illos
410 1473 564 1522 imitor
594 1474 699 1521 dum
732 1474 918 1532 accuso,
951 1486 993 1520 et
1022 1474 1159 1520 verba
1190 1480 1362 1537 apertae
1394 1474 1459 1522 rei

181 1545 404 1608 impendo.
431 1546 515 1592 Cui
543 1546 660 1603 enim
688 1546 869 1594 dubium
895 1545 1037 1609 potest
1063 1546 1173 1602 effe,
1208 1546 1312 1609 qui‘n
1340 1546 1369 1592 fi
1391 1564 1460 1593 ae-

182 1618 266 1664 stus
288 1619 451 1665 malum
478 1618 561 1675 est,
593 1633 636 1666 et
659 1619 853 1666 aestuare
876 1619 1041 1665 malum
1061 1618 1139 1665 fit?
1168 1618 1198 1664 s1
1224 1611 1349 1682 algor
1369 1638 1460 1666 ma-

179 1691 270 1737 lum
296 1691 382 1749 est,
402 1693 561 1738 malum
586 1691 633 1739 sit
657 1693 796 1757 algere
816 1693 834 1739 ?
863 1693 893 1739 s1
922 1693 1014 1741 vita
1031 1693 1198 1739 bonum
1225 1693 1306 1748 est,
1328 1707 1371 1741 et
1390 1694 1460 1741 vi-

182 1780 284 1810 vere
307 1762 475 1810 bonum
497 1763 584 1811 est?
605 1765 768 1810 Omnia
786 1764 862 1811 ista
881 1764 995 1812 circa
1009 1764 1259 1827 sapientiam
1277 1801 1290 1823 ,
1307 1783 1397 1812 non
1415 1766 1460 1812 in

179 1837 268 1900 ipsa
286 1837 381 1884 sunt
397 1855 406 1882 :
425 1851 468 1884 at
490 1838 618 1884 nobis
634 1838 677 1884 in
695 1838 782 1901 ipsa
802 1839 1172 1885 commorandum
1192 1839 1276 1898 est,
1297 1841 1460 1887 etiamsi

181 1909 288 1972 quid
305 1909 477 1972 evagari
496 1909 601 1955 libet
616 1945 628 1966 ,
654 1910 822 1972 amplos
846 1909 974 1956 habet
997 1909 1068 1955 illa
1089 1910 1380 1975 spatiososque
1398 1913 1462 1958 se-

181 1981 332 2028 ceffus.
348 1983 419 2028 De
438 1982 622 2028 deorum
645 1998 796 2028 natura
816 1998 1090 2044 quaeramus.
1114 1983 1167 2029 de
1181 1983 1366 2030 siderum
1387 1986 1463 2031 ali-

182 2066 363 2111 mento,
395 2055 452 2101 de>
478 2055 543 2101 his
572 2067 658 2100 tam
690 2055 821 2102 variis
855 2055 1068 2103 stellarum
1098 2055 1381 2104 discursibus:
1406 2075 1461 2104 an

184 2129 240 2174 ad
256 2128 424 2175 illarum
445 2140 593 2176 motus
612 2129 756 2176 nostra
775 2143 1039 2176 moveantur
1058 2146 1248 2191 corpora
1262 2165 1276 2188 ‚
1293 2148 1345 2176 an
1364 2147 1463 2178 cor-

184 2201 366 2263 poribus
395 2200 593 2247 omnium
613 2237 627 2259 ‚
653 2201 892 2264 animisque
922 2201 1040 2247 illinc
1076 2202 1264 2263 impetus
1299 2204 1462 2252 veniat.

185 2275 254 2317 An
282 2284 325 2318 et
350 2272 456 2320 haec
483 2290 593 2336 quae
616 2273 797 2321 fortuita
829 2273 1060 2331 dicuntur,
1087 2287 1204 2320 certa
1228 2275 1323 2337 lege
1348 2290 1460 2321 con·

185 2343 324 2391 strieta
346 2344 425 2392 (int
442 2381 455 2402 ‚
472 2346 666 2409 nihilque
689 2347 732 2393 in
756 2348 842 2393 hoc
872 2347 1041 2393 mundo
1067 2347 1367 2409 repentinum,
1386 2361 1459 2394 aut

185 2434 340 2481 expers
361 2419 527 2466 ordinis
550 2419 792 2470 volutetur.
830 2420 907 2468 Ista
924 2419 1010 2469 iam
1027 2436 1053 2467 a
1068 2419 1336 2471 formatione
1359 2437 1459 2477 nto-3
