1730 2870
232 126 322 188 184
459 128 854 175 L.ANNAE1
894 129 1248 178 SENECAE

226 234 312 283 culi
334 249 485 283 natura
504 234 729 295 differant,
756 236 879 299 quod
897 235 1140 300 inquirant,
1170 238 1277 301 quid
1297 238 1356 286 ita
1374 238 1508 290 facies

225 311 372 358 nostra
404 310 532 358 nobis
553 345 566 367 ,
590 324 632 357 et
665 309 840 373 quidem
861 310 906 357 in
935 326 1016 357 nos
1042 312 1250 371 obversa,
1282 313 1506 360 reddatur.

226 383 350 444 Quid
372 383 446 429 fibi
473 399 617 428 rerum
644 393 794 427 natura
814 382 958 429 voluit
972 414 987 439 ,
1011 384 1135 446 quod
1158 402 1259 432 cum
1278 402 1382 433 vera
1404 401 1507 432 cor-

225 474 336 520 pora
357 456 540 503 dediffet
552 491 567 513 ,
590 456 721 502 etiam
740 454 963 503 simulacra
983 473 1143 504 eorum
1161 459 1326 522 adspici
1343 460 1505 508 voluit.

224 531 425 591 Quorsus
446 530 732 592 pertinuerit,
761 530 871 577 hanc
891 547 1145 593 comparare
1162 533 1411 590 materiam,
1431 551 1508 580 ex-

223 605 525 667 cipiendarum
546 603 786 667 imaginum
809 617 1052 666 potentem.
1078 606 1185 651 Non
1205 605 1252 652 in
1276 606 1364 653 hoc
1391 606 1508 653 scili-

223 689 321 736 cet,
345 689 393 724 ut
411 678 466 724 ad
487 678 708 740 speculum
742 677 919 723 barbam
940 677 1190 740 faciemque
1217 679 1475 727 velleremus
1490 715 1506 736 ‚

224 761 300 796 aut
321 763 368 796 ut
387 748 545 795 faciem
576 748 658 796 viri
692 749 1018 817 poliremus.1n
1047 750 1163 796 nulla
1193 767 1240 796 re
1269 749 1341 796 illa
1371 768 1509 815 nego-

223 822 332 868 tium
350 819 542 868 luxuriae
562 820 769 866 conceffit
791 838 802 866 :
827 820 898 868 sed
927 821 1119 884 primum
1147 821 1378 881 omnium,
1406 823 1510 886 quia

223 893 431 941 imbecilli
450 893 568 940 oculi
588 893 644 939 ad
665 892 960 940 sustinendum
980 894 1184 942 cominus
1198 893 1335 942 solem
1348 931 1360 952 ‚
1377 895 1509 958 igno-

224 967 356 1016 raturi
396 980 521 1015 erant
555 967 744 1014 formam
785 966 877 1014 eius
891 1004 907 1026 ,
946 968 1151 1016 hebetato
1185 969 1307 1015 illum
1346 969 1512 1018 lumine

222 1042 430 1090 ostendit.
457 1040 678 1102 Quamvis
700 1040 821 1088 enim
845 1058 949 1089 eum
972 1042 1191 1090 orientem
1210 1041 1512 1090 occidentem-

225 1136 311 1182 que
335 1112 625 1180 contemplari
645 1118 800 1165 liceat:
823 1130 968 1167 tamen
993 1118 1190 1166 habitum
1218 1118 1339 1176 eius,
1369 1117 1512 1181 ipsum

227 1192 302 1257 qui
334 1209 464 1240 verus
492 1192 581 1250 est,
608 1209 699 1239 non
730 1194 956 1251 rubentis,
982 1194 1056 1240 sed
1087 1193 1270 1241 candida
1301 1193 1398 1240 luce
1429 1192 1514 1239 ful-

226 1265 392 1328 gentis,
420 1265 681 1312 nesciremus
696 1298 710 1319 ‚
735 1266 812 1312 nifi
831 1266 877 1313 in
901 1266 1050 1330 aliquo
1070 1266 1198 1313 nobis
1217 1267 1405 1312 humore
1423 1265 1512 1312 lae-

226 1337 331 1385 vior
346 1349 389 1384 et
409 1336 571 1399 adspici
596 1336 768 1384 facilior
791 1350 1055 1386 occurreret.
1077 1340 1301 1386 Praeterea
1322 1338 1512 1384 duorum

227 1408 419 1466 fidet-um
439 1408 669 1456 occursum
688 1445 703 1467 ,
733 1426 826 1473 quo
849 1410 1104 1473 interpolari
1133 1410 1224 1458 dies
1251 1410 1384 1465 solet,
1419 1427 1513 1457 non

228 1483 480 1533 videremus
496 1518 510 1539 ‚
529 1499 609 1530 nec
625 1483 732 1530 scire
750 1483 970 1546 pofl'emus
987 1520 1000 1541 ‚
1035 1484 1142 1547 quid
1160 1484 1290 1542 esset,
1309 1484 1386 1530 nifi
1407 1484 1515 1530 libe-

229 1557 317 1603 rius
334 1556 457 1603 humi
485 1555 586 1602 solis
605 1555 820 1618 lunaeque
839 1555 1047 1619 imagines
1069 1556 1330 1603 videremus.
1352 1559 1513 1605 Inven-

231 1641 273 1676 ta
292 1630 387 1677 sunt
418 1628 593 1691 specula
608 1666 621 1687 ,
645 1641 693 1675 ut
711 1629 852 1675 homo
877 1629 966 1692 ipse
987 1629 1027 1676 se
1047 1629 1260 1676 nosceret.
1290 1629 1430 1676 Multa
1458 1646 1513 1676 ex

160 1701 162 1703 ’
229 1703 318 1749 hoc
344 1704 602 1750 consecuta:
622 1703 769 1765 primo
795 1703 856 1748 sui
879 1703 1058 1761 notitia,
1078 1703 1237 1750 deinde
1253 1715 1295 1749 et
1312 1704 1366 1750 ad
1384 1720 1514 1765 quae-

231 1776 332 1821 dam
364 1775 606 1822 confilium.
636 1773 898 1830 Formosus,
919 1787 966 1820 ut
985 1775 1145 1823 vitaret
1164 1774 1386 1821 infamiam
1407 1791 1417 1820 ε
1439 1775 1514 1821 de-

229 1848 385 1895 formis
399 1884 412 1906 ‚
443 1863 489 1894 ut
519 1848 646 1894 sciret
664 1846 970 1894 redimendum
991 1846 1075 1894 esse
1094 1847 1358 1904 virtutibus,
1383 1847 1514 1909 quid-

231 1921 339 1984 quid
360 1921 540 1983 corpori
562 1921 744 1967 deeffet:
767 1920 938 1968 iuvenis
956 1957 969 1978 ‚
992 1937 1039 1967 ut
1058 1920 1169 1967 flore
1188 1920 1337 1967 aetatis
1353 1923 1514 1969 admo-

230 2005 408 2039 neretur
424 2028 439 2050 ,
470 1993 575 2039 illud
597 2006 770 2057 tempus
789 1993 874 2040 effe
893 1993 1118 2051 discendi,
1141 2005 1184 2039 et
1201 1991 1334 2038 fortia
1350 1994 1514 2040 auden-

232 2063 277 2111 di
298 2065 453 2112 :senex
467 2101 480 2121 ‚
501 2080 547 2112 ut
566 2065 775 2113 indecora
799 2064 918 2112 canis
936 2065 1206 2128 deponeret,
1232 2075 1274 2110 et
1293 2064 1347 2111 de
1367 2079 1514 2112 morte

230 2138 394 2201 aliquid
426 2139 650 2202 cogitaret.
683 2140 752 2185 Ad
784 2139 872 2186 hoc
901 2155 1046 2185 rerum
1078 2149 1229 2184 natura
1258 2136 1513 2185 facultatem

230 2210 359 2257 uobis
381 2211 525 2269 dedit,
555 2212 843 2274 nosmetipsos
861 2210 1065 2273 yidendi.
1094 2212 1209 2256 Fons
1228 2209 1388 2275 cuique
1410 2226 1512 2275 per-

229 2283 400 2333 lucidus
418 2298 490 2333 aut
510 2286 633 2335 laeve
657 2287 806 2333 saxum
825 2285 1058 2350 imaginem
1083 2286 1242 2333 reddit.

617 2366 762 2425 Nuper
785 2383 845 2409 me
871 2365 916 2408 in
943 2366 1057 2410 litore
1085 2365 1194 2419 vidi,

299 2436 403 2484 Cum
425 2438 637 2498 placidum
664 2439 797 2487 remis
809 2439 941 2505 staret
959 2456 1081 2485 mare.
