1730 2870
521 163 1099 215 Epl'STOLAE,
1388 186 1451 233 49

172 279 382 336 iusmodi,
402 294 493 324 non
520 276 749 341 quaerenti
771 275 851 322 tibi
874 280 994 323 ultro
1018 276 1199 323 mittam.
1225 277 1352 336 Quae
1373 276 1453 324 sint

171 354 305 410 haec,
337 351 615 413 interrogas?
665 353 793 410 Quae
826 349 932 396 scire
968 351 1105 412 magis
1139 349 1290 407 iuvat,
1319 366 1453 414 quam

171 426 348 491 prodest
371 444 381 471 ε
412 425 518 471 ficut
545 426 632 472 hoc
654 420 707 470 de
737 440 828 486 quo
853 423 1046 486 quaeris,
1072 439 1127 468 an
1157 425 1325 469 bonum
1358 439 1454 469 cor·

170 517 252 564 pus
286 500 347 546 fit.
388 499 562 545 Bonum
597 497 773 562 prodest
804 515 814 542 :
848 496 952 543 facit
980 495 1097 541 enim
1126 513 1136 542 :
1166 496 1290 558 quod
1321 495 1455 551 facit,

168 592 331 636 corpus
351 573 411 620 est
433 574 634 625 :bonum
651 607 664 627 ,
683 572 814 634 agitat
840 569 1034 615 animum
1053 605 1066 627 ,
1097 582 1140 616 et
1159 569 1454 631 quodammo-

168 649 231 695 do
250 648 414 695 format
439 662 481 694 et
505 645 701 694 continet
725 661 735 690 z
758 660 869 705 quae
892 658 999 706 ergo
1026 642 1204 704 propria
1232 643 1325 689 sunt
1352 659 1455 689 cor-

167 723 318 786 poris,
351 738 400 768 ea
429 719 632 784 corporis
663 720 781 766 bona
809 716 943 764 sunt·
970 732 1161 778 corpora
1189 733 1294 780 ergo
1322 716 1452 775 sunt,

166 807 212 842 et
234 811 346 858 quae
376 791 509 840 animi
546 790 655 838 sunt.
684 807 783 836 nam
813 802 854 835 et
883 788 953 834 hic
983 804 1149 849 corpus
1176 786 1250 834 est.
1281 789 1450 835 bonum

166 869 361 917 hominis
385 866 551 915 neceffe
575 864 636 912 est
661 880 823 926 corpus
850 861 924 918 fit,
952 878 1053 907 cum
1081 862 1169 924 ipie
1192 852 1450 923 corporali&

167 940 390 999 Mentior,
422 940 499 986 nisi
519 952 563 986 et
587 954 698 1002 quae
726 937 846 983 alunt
875 935 1005 991 illud,
1023 946 1065 980 et
1092 949 1203 996 quae
1236 951 1286 981 ν
1282 934 1450 980 letudi-

164 1031 266 1062 nem
284 1015 376 1061 eius
395 1013 467 1062 Vel
484 1011 735 1073 custodiunt
758 1010 828 1057 vel
843 1007 1069 1057 restituunt
1082 1043 1095 1065 ,
1111 1024 1302 1069 corpora
1322 1010 1416 1054 sunt
1432 1018 1445 1055 ⁴:

164 1103 274 1151 ergo
301 1100 344 1134 et
375 1086 541 1132 bonum
576 1085 667 1131 eius
697 1099 860 1145 corpus
893 1080 969 1129 est.
1011 1082 1118 1127 Non
1148 1097 1258 1144 puto
1290 1094 1334 1129 te
1364 1082 1448 1129 du-

164 1160 400 1207 bitaturum
418 1195 431 1217 ,
459 1177 513 1205 an
544 1155 718 1204 afficitis
750 1171 942 1218 corpora
972 1154 1076 1213 fint,
1105 1167 1150 1200 ut
1181 1155 1298 1201 aliud
1326 1172 1448 1218 quo-

162 1248 248 1295 que
277 1232 332 1279 de
357 1249 448 1295 quo
483 1248 572 1278 non
598 1229 797 1293 quaeris,
833 1227 1085 1275 infulciam:
1108 1244 1316 1292 tanquam
1348 1230 1410 1276 ira
1428 1264 1444 1288 ‚

160 1321 308 1365 amor,
331 1304 508 1353 tristitia.
529 1304 559 1351 fi
583 1303 773 1362 dubitas,
802 1302 905 1351 vide
930 1320 983 1348 an
1003 1304 1180 1351 vultum
1201 1304 1328 1350 nobis
1349 1321 1447 1351 mu,=

160 1392 282 1437 tent,
312 1395 366 1425 an
396 1377 592 1425 frontem
617 1376 903 1441 adstringant,
926 1392 979 1421 an
1000 1375 1155 1424 faciem
1182 1374 1444 1434 diffundant,

159 1470 216 1500 an
251 1454 460 1500 ruborem
491 1467 710 1509 evocent,
739 1468 793 1498 an
828 1452 981 1515 fugent
1008 1450 1278 1514 sanguinem.
1318 1450 1443 1510 Quid

160 1532 302 1592 ergo?
341 1544 430 1575 tam
464 1525 707 1574 manifestas
739 1528 920 1590 corpori
953 1538 1075 1573 notas
1109 1525 1248 1573 credis
1282 1525 1441 1587 impri-

161 1600 239 1657 mi,
259 1599 334 1646 nifi
353 1616 376 1645 a
396 1597 616 1661 corpore?
636 1598 680 1644 Si
705 1596 881 1646 aste&us
904 1613 1100 1661 corpora
1120 1598 1214 1644 sunt
1230 1633 1244 1655 ,
1267 1610 1311 1645 et
1331 1615 1445 1646 mor*

159 1671 203 1717 bi
223 1671 473 1718 animorum
488 1706 502 1728 ‚
528 1685 571 1719 et
587 1671 769 1719 avaritia
785 1708 797 1730 ‚
822 1671 1051 1719 crudelitas
1065 1703 1078 1724 ‚
1099 1670 1296 1717 indurata
1316 1671 1443 1728 vitia,

159 1758 203 1791 et
222 1745 264 1790 in
286 1745 438 1791 statum
454 1744 816 1793 inemendabilem
831 1745 1041 1792 addukia:
1060 1760 1168 1807 ergo
1191 1754 1234 1792 et
1252 1744 1440 1815 malitia),

156 1829 202 1865 et
232 1817 394 1880 species
423 1818 515 1865 eius
544 1834 728 1876 omnes,
761 1816 1027 1881 malignitas,
1057 1815 1255 1876 invidia,
1285 1817 1440 1882 super-

157 1892 241 1939 bia.
274 1894 393 1956 Ergo
411 1905 453 1939 et
479 1880 610 1940 hona.
629 1893 820 1955 primum
849 1893 950 1956 quia
970 1894 1190 1940 contraria
1208 1894 1296 1942 istis
1316 1897 1438 1942 sunt.

158 1965 344 2022 deinde,
364 1965 468 2029 quia
484 1965 637 2012 eadem
659 1964 739 2012 tibi
768 1965 927 2013 indicia
947 1965 1237 2028 praestabunt.
1254 1968 1328 2015 An
1346 1985 1439 2014 non

157 2038 282 2085 vides
296 2074 310 2095 ‚
328 2050 540 2101 quantum
562 2035 704 2086 oculis
722 2038 796 2085 det
817 2038 1017 2103 vigorem
1038 2039 1285 2086 fortitudo?
1307 2058 1440 2103 quan-

157 2123 245 2158 tam
272 2111 559 2159 intentionem
586 2111 842 2173 prudentia?
874 2123 1081 2175 quantam
1111 2111 1371 2159 modestiam
1394 2124 1439 2160 et

157 2185 351 2247 quietem
380 2184 659 2231 reverentia?
702 2198 905 2248 quantam
939 2183 1213 2232 serenitatem
1242 2185 1438 2232 laetitia?

159 2270 370 2321 quantum
403 2259 597 2322 rigorem
628 2256 869 2305 severitas?
904 2273 1107 2322 quantam
1141 2260 1438 2307 remiffionem

160 2330 354 2378 veritas?
385 2331 592 2394 Corpora
609 2348 718 2395 ergo
734 2332 854 2390 sunt,
872 2350 982 2396 quae
1007 2337 1208 2383 colorem
1226 2335 1438 2384 habitum-

160 2420 248 2467 que
277 2420 520 2468 corporum
548 2417 740 2462 mutant,
768 2418 881 2470 quae
909 2407 954 2453 in
981 2409 1064 2456 inis
1099 2427 1282 2473 regnum
1313 2411 1437 2458 suum

160 2493 380 2525 exercent.
411 2479 582 2525 Omnes
607 2492 750 2526 autem
783 2496 888 2538 quas
917 2482 1042 2530 retuli
1068 2484 1282 2544 virtutes,
1320 2485 1439 2533 bona

226 2545 277 2592 L.
305 2547 429 2592 Arm.
456 2548 625 2593 Seneca.
654 2548 746 2593 Vol.
762 2547 787 2590 I
793 2549 839 2590 V
834 2577 847 2596 2
1149 2549 1199 2596 D
1452 2562 1456 2563 ’
