1730 2870
413 124 674 173 NATUR.
726 123 1022 184 QUAEST.
1070 124 1255 171 LIB.1.
1391 122 1475 170 181

194 231 318 283 cuius
344 249 659 295 nonnunquam
688 244 777 277 tam
806 231 998 279 sublimis
1024 232 1157 278 ardor
1182 231 1263 287 est,
1290 242 1339 278 ut
1370 231 1483 278 inter

193 307 285 372 ipsa
304 307 438 354 sidera
471 306 702 353 videatur:
731 322 1054 369 nonnunquam
1082 318 1169 352 tam
1200 305 1398 363 humilis,
1434 316 1483 352 ut

195 378 386 442 speciem
421 377 654 441 longinqui
689 377 879 424 incendii
915 378 1129 440 praebeat.
1169 378 1256 423 Sub
1293 378 1480 425 Tiberio

194 450 379 497 Caesare
405 450 612 497 cohortes
645 450 690 495 in
719 450 930 496 auxilium
950 449 1157 496 Ostiensis
1177 451 1377 497 coloniae
1404 466 1478 497 cu·

189 533 445 579 currerunt,
479 534 688 585 tanquam
711 520 1022 585 conflagrantis
1044 539 1053 567 :
1077 538 1176 568 cum
1204 522 1317 570 coeli
1345 524 1479 569 ardor

192 594 337 642 fuiffet
355 611 434 657 per
453 611 655 658 magnam
690 607 857 657 partem
892 593 1060 650 noctis,
1092 610 1243 654 parum
1277 595 1444 643 lucidus
1466 626 1482 651 ,

189 668 314 715 c'raffi
332 668 577 732 fumidique
597 667 722 732 ignis.
743 668 816 713 De
839 666 904 712 his
924 682 1056 712 nemo
1074 667 1244 713 dubitat
1263 668 1368 730 quin
1396 670 1478 715 ha-⁴

190 739 322 786 beant
339 739 562 786 flammam
592 757 722 804 quam
759 738 1021 785 ostendunt:
1044 750 1158 786 certa
1177 739 1259 787 illis
1287 740 1479 787 substan·

181 809 248 860 'tia
270 813 341 860 est.
363 814 438 861 De
457 813 678 876 prioribus
697 810 944 876 quaeritur,
966 811 1020 858 de
1037 827 1142 858 arcu
1162 811 1264 859 dico
1286 825 1328 860 et
1345 830 1480 862 coro-

188 887 284 942 nis,
318 904 373 933 an
394 887 612 950 decipiant
641 886 811 944 aciem,
842 896 886 932 et
906 885 1138 933 mendacio
1167 887 1394 936 constent:
1423 907 1479 938 an

188 959 270 1006 illis
290 977 471 1025 quoque
492 977 648 1008 verum
668 959 716 1006 fit
736 959 858 1022 quod
883 972 1076 1022 apparet.
1110 960 1252 1008 Nobis
1274 979 1365 1010 non
1383 964 1476 1027 pla-

189 1045 259 1082 cet
274 1066 289 1091 ‚
307 1035 351 1080 in
371 1051 476 1081 arcu
496 1047 568 1081 aut
586 1034 766 1081 >coronis
787 1033 951 1081 subess‘e
967 1034 1132 1097 aliquid
1158 1038 1359 1099 corporis
1379 1055 1476 1085 cer-

188 1108 232 1153 ti.
263 1107 367 1153 nihil
403 1107 521 1154 enim
553 1107 796 1154 iudicamus
834 1107 879 1152 in
916 1108 1124 1170 speculis,
1156 1108 1234 1155 nisi
1264 1111 1476 1160 fallaciam

187 1179 275 1227 effe
289 1215 303 1238 ,
324 1179 429 1226 nihil
447 1179 564 1226 aliud
584 1197 717 1243 quam
736 1180 926 1227 alienum
950 1198 1112 1242 corpus
1149 1184 1474 1235 mentientibus,

188 1254 297 1299 Non
324 1254 444 1300 enim
464 1252 524 1300 est
543 1254 588 1299 in
606 1254 784 1315 speculo
799 1285 813 1307 ‚
839 1254 963 1315 quod
983 1253 1235 1301 ostenditur.
1260 1257 1473 1324 Alioquin

186 1342 281 1373 non
300 1326 463 1384 exiret,
488 1343 569 1373 nec
597 1326 679 1372 alia
703 1325 904 1389 protinus
930 1325 1119 1390 imagine
1147 1327 1473 1382 obduceretur:

186 1414 270 1445 nec
298 1396 636 1444 innumerabiles
669 1398 810 1444 modo
838 1397 1097 1454 interirent,
1122 1399 1262 1446 modo
1292 1404 1474 1468 excipe-

185 1482 337 1517 rentur
363 1469 542 1516 formae.
570 1468 693 1529 Quid
724 1468 870 1533 ergo?
901 1470 1139 1531 Simulacra
1169 1471 1245 1519 ista
1275 1474 1397 1534 sunt,
1426 1492 1471 1528 et

187 1543 326 1590 inanis
354 1559 565 1590 verorum
600 1559 846 1607 corporum
871 1543 1061 1590 imitatio
1091 1562 1102 1590 :
1128 1545 1314 1610 suntque
1342 1549 1418 1597 ista
1448 1568 1473 1599 a

170 1617 448 1681 quibusdam
474 1617 533 1665 ita
563 1618 833 1680 compofita,
859 1631 909 1666 ut
941 1618 1104 1680 poflint
1130 1620 1397 1686 detorquere
1426 1626 1472 1673 in

185 1705 386 1752 pravum.
418 1691 533 1736 Nam
566 1691 639 1749 (ut
671 1688 787 1753 dixi)
813 1690 908 1736 sunt
941 1689 1143 1753 specula,
1175 1710 1287 1757 quae
1311 1696 1471 1747 faciem

185 1761 547 1824 prospicientium
581 1761 809 1825 obliquent
836 1780 846 1808 :
874 1761 999 1821 sunt,
1034 1779 1147 1825 quae
1177 1765 1222 1811 in
1252 1766 1471 1820 infinitum

185 1825 403 1898 augeant,
421 1846 464 1882 et
495 1834 734 1881 humanum
765 1834 963 1882 habitum
986 1836 1229 1899 excedant,
1263 1844 1472 1894 modum..

183 1927 270 1974 que
291 1909 542 1958 nostrorum
570 1926 827 1972 corporum.

250 1985 377 2029 XVI.
411 1983 514 2029 Hoc
544 1982 649 2030 loco
683 1983 796 2029 volo
833 1982 912 2029 tibi
950 1999 1122 2031 narrare
1158 1986 1382 2048 fabellam,
1424 2003 1473 2040 ut

185 2054 420 2118 intelligas,
439 2071 571 2118 quam
593 2055 763 2102 nullum
783 2055 1115 2104 instrumentum
1134 2058 1367 2109 irritandae
1388 2081 1470 2111 vo·

185 2128 361 2191 luptatis
393 2128 533 2175 libido
563 2141 847 2183 contemnat,
880 2142 924 2176 et
950 2129 1174 2193 ingeniosa
1202 2134 1252 2179 fit
1281 2136 1333 2181 ad
1361 2137 1474 2185 inci-

188 2202 367 2247 tandum
393 2201 589 2249 furorem
619 2202 756 2249 suum.
779 2201 957 2249 Hostius
976 2204 1154 2266 quidam
1182 2204 1262 2251 fuit
1289 2207 1474 2256 obscoe-

187 2272 332 2319 nitatis
351 2273 539 2336 usquein
559 2274 730 2320 scenam
745 2275 996 2337 productae.
1019 2277 1148 2322 Hunc
1170 2276 1350 2325 divitem
1372 2296 1473 2328 ava-

187 2363 308 2403 rum,
328 2346 502 2393 sestertii
525 2348 677 2394 millies
706 2348 877 2395 servum
895 2384 908 2404 ‚
938 2349 1066 2396 divus
1085 2349 1301 2413 Augustus
1331 2352 1474 2417 indig-

192 2438 297 2469 num
317 2419 512 2475 vindic‘ta
536 2424 777 2484 iudicavit,
801 2441 903 2474 cum
931 2441 955 2473 a
980 2425 1115 2476 servis
1141 2427 1313 2477 occisus
1340 2428 1472 2480 effer:

1103 2502 1154 2547 M
1190 2516 1214 2565 3
