1730 2870
231 132 321 178 134
484 118 532 163 L.
576 118 868 163 ANNAEI
909 119 1254 165 SENECAE

227 237 415 267 coenam
445 220 593 267 bibere
610 256 622 277 ‚
652 220 831 283 vulgare
856 220 946 268 est:
971 222 1057 268 hoc
1083 222 1416 285 patresfamiliae
1437 242 1509 272 ru-

228 292 324 338 stici
352 292 518 340 faciunt
536 328 548 347 ,
576 304 618 338 et
645 309 779 339 verae
795 292 1035 356 voluptatis
1069 294 1221 357 ignari.
1259 296 1432 341 Merum
1454 296 1509 342 il-

226 368 304 413 lud
346 367 551 423 delectat,
586 366 710 430 quod
746 383 837 412 non
867 367 1031 415 innatat
1061 369 1188 426 cibo,
1219 369 1340 433 quod
1375 369 1512 418 libere

229 452 425 502 penetrat
455 440 511 486 ad
541 455 706 486 nervos
727 439 828 485 :illa
852 440 1038 488 ebrietas
1062 441 1210 497 iuvat,
1233 459 1344 504 quae
1368 442 1412 489 in
1438 460 1514 490 va·-

228 533 361 562 cuum
389 514 524 560 venit.
554 515 661 560 Non
693 513 901 561 videntur
929 515 1008 562 tibi
1039 530 1193 564 contra
1215 531 1410 564 naturam
1441 517 1513 565 vi-

228 605 362 642 vere,
400 587 476 650 qui
507 598 783 634 commutant
819 604 921 636 cum
951 587 1128 635 feminis
1164 590 1368 637 vestem?
1406 592 1511 637 Non

230 662 393 708 vivunt
418 677 573 709 contra
603 675 800 708 naturam
820 698 831 719 ,
860 663 935 724 qui
959 651 1234 725 exspectant,
1262 676 1308 709 ut
1331 664 1515 726 pueritia

230 736 449 797 splendeat
472 749 676 796 tempore
697 734 876 783 alieno?
910 736 1032 796 Quid
1061 735 1156 782 fieri
1182 736 1253 783 vel
1273 737 1488 784 crudelius
1503 774 1515 795 ,

229 810 301 857 vel
336 810 531 857 miserius
558 807 739 870 potest?
766 827 991 874 nunquam
1025 809 1095 856 vir
1114 809 1225 864 erit,
1262 823 1310 856 ut
1340 810 1413 856 diu
1444 811 1516 857 vi·-

230 901 327 928 rum
369 883 456 944 pati
487 881 654 944 poffit?
694 895 737 928 et
769 899 871 929 cum
912 882 1032 928 illum
1065 883 1358 929 contumeliae
1395 883 1517 932 sexus

232 955 436 1017 eripuisse
469 955 703 1011 debuerat,
732 973 786 1003 ne
818 971 933 1004 aetas
964 956 1367 1019 quidemeripiet?
1412 959 1516 1003 Non

231 1030 393 1076 vivunt
416 1042 571 1076 contra
595 1042 791 1076 naturam
807 1066 819 1087 ,
840 1029 917 1094 qui
942 1030 1085 1076 hieme
1106 1029 1423 1092 concupiscunt
1441 1047 1518 1076 ro-

232 1103 355 1151 sam?
388 1103 681 1167 fomentoque
705 1121 915 1167 aquarum
937 1102 1197 1157 calentium,
1223 1117 1288 1157 et,
1317 1101 1517 1149 calorum

232 1193 330 1238 apra
358 1177 626 1233 mutatione,
655 1177 811 1224 bruma
835 1177 996 1234 lilium,
1013 1176 1172 1224 florem
1199 1193 1414 1233 vernum,
1441 1193 1518 1222 ex-

233 1249 462 1311 primunt?
493 1249 599 1296 Non
631 1249 790 1297 vivunt
820 1263 972 1296 contra
996 1261 1192 1294 naturam
1210 1280 1224 1301 ‚
1256 1248 1335 1311 qui
1363 1265 1518 1310 poma-

231 1321 293 1366 ria
314 1322 357 1366 in
386 1320 563 1367 summis
584 1321 773 1369 turribus
798 1322 970 1369 serunt?
992 1337 1184 1384 quorum
1209 1319 1338 1367 {ilvae
1359 1320 1405 1366 in
1426 1333 1520 1367 tec-

229 1392 285 1438 tis
313 1393 555 1440 domorum
589 1408 639 1438 ac
667 1391 846 1456 ¹fastigiis
878 1405 1056 1448 nutant,
1083 1393 1184 1438 inde
1213 1392 1322 1439 ortis
1357 1391 1518 1439 radici-

233 1467 338 1523 bus,
370 1481 462 1528 quo
486 1466 689 1527 improbe
720 1467 948 1513 cacumina
980 1466 1188 1530 egissent?
1220 1467 1326 1512 Non
1359 1465 1519 1510 vivunt

236 1551 392 1586 contra
412 1553 608 1584 naturam
627 1575 639 1595 ‚
663 1539 737 1601 qui
762 1538 1043 1586 fundamenta
1064 1539 1332 1584 thermarum
1358 1536 1402 1582 in
1424 1554 1520 1581 ma-

237 1629 286 1658 re
305 1611 469 1657 iaciunt
489 1628 498 1655 :
521 1627 602 1657 nec
625 1609 807 1659 delicate
827 1624 971 1658 natare
990 1610 1067 1673 ipfi
1090 1610 1165 1657 fibi
1188 1610 1421 1663 videntur,
1443 1608 1520 1654 nisi

237 1685 419 1731 cale-ntia
443 1683 585 1747 stagna
606 1682 739 1733 fluitu
758 1702 808 1734 ac
838 1684 1091 1747 tempestate
1121 1683 1330 1731 feriantur
1352 1684 1369 1731 ?
1403 1684 1519 1729 Cum

237 1757 515 1804 instituerunt
554 1756 704 1802 omnia
753 1771 906 1804 contra
943 1773 1122 1805 naturae
1161 1756 1522 1803 consuetudinem

235 1832 350 1878 velle
367 1867 379 1888 ,
411 1830 644 1877 noviffime
670 1831 715 1876 in
734 1844 881 1877 totum
903 1832 957 1878 ab
976 1831 1044 1878 illa
1074 1829 1323 1877 desciscunt.
1353 1832 1485 1875 Lucet
1508 1847 1520 1875 :

237 1906 378 1952 somni
407 1917 576 1966 tempus
596 1904 667 1955 est.
689 1906 810 1970 quies
828 1906 887 1953 est
908 1924 918 1951 ε
938 1923 1055 1953 nunc
1079 1920 1359 1951 exerceamur
1374 1939 1386 1961 ‚
1408 1920 1525 1950 nunc

238 1979 486 2044 gestemur,
518 1993 634 2026 nunc
667 1980 965 2041 prandeamus.
1017 1980 1104 2028 Iam
1133 1976 1208 2024 lux
1234 1975 1416 2039 propius
1447 1992 1523 2023 ac-

239 2054 390 2101 cedit:
422 2068 593 2118 tempus
623 2054 683 2100 e'st
713 2070 888 2102 coenae.
929 2053 1037 2099 Non
1068 2063 1248 2114 oportet
1275 2051 1321 2096 id
1348 2049 1491 2096 facere
1510 2085 1525 2106 ,

240 2127 361 2188 quod
393 2131 582 2190 populus
606 2149 614 2175 :
640 2145 707 2174 res
734 2127 908 2173 sordida
939 2125 1026 2181 est,
1057 2126 1154 2171 trita
1179 2141 1227 2170 ac
1257 2124 1424 2186 vulgari
1451 2124 1523 2169 via

239 2199 411 2247 vivere.
438 2202 546 2249 Dies
579 2199 774 2264 publicus
800 2199 1070 2262 relinquatur
1094 2216 1105 2244 :
1135 2197 1362 2260 proprium
1397 2197 1523 2242 nobis

243 2290 293 2319 ac
327 2275 543 2335 peculiare
574 2290 699 2320 mane
726 2272 809 2318 fiat.
843 2271 912 2317 lsti
940 2288 1050 2318 vero
1079 2271 1184 2333 mihi
1213 2269 1519 2317 defunctorum

245 2345 348 2392 loco
375 2346 484 2394 sunt.
504 2348 763 2410 quantulum
794 2344 910 2391 enim
937 2361 959 2389 a
982 2343 1133 2391 funere
1151 2343 1326 2397 absunt,
1359 2355 1399 2388 et
1418 2341 1520 2403 qui-

244 2420 344 2472 dem
381 2421 569 2482 autho,
603 2420 678 2485 qui
708 2420 761 2467 ad
790 2417 906 2466 faces
933 2432 974 2468 et
998 2434 1145 2469 cereos
1181 2416 1368 2467 vivunt?
1401 2417 1525 2464 Hane
