1730 2870
351 122 611 175 NATUR.
659 124 953 186 QUAEST.
1001 125 1233 178 LIB.V1.
1333 149 1420 194 321

211 233 292 281 IX.
321 232 472 297 Ignem
491 232 830 300 causamwmotus
848 235 1027 298 quidam
1043 272 1056 294 ,
1071 236 1309 300 etquidem
1335 250 1428 287 non

147 310 331 357 eandem
359 305 565 355 iudicant»
595 306 800 370 Inprimis
832 313 1138 372 Anaxagoras,
1181 311 1255 374 qui
1283 312 1428 359 ‘existi-⁵

149 395 262 439 mat,
293 374 419 427 simili
449 392 585 445 paene
608 395 662 426 ex
684 382 808 428 causa
840 393 884 427 et
908 384 1008 430 ae'ra
1035 385 1249 442 concuti,
1273 398 1318 434 et
1337 398 1430 435 ter-

150 472 273 503 ram:
293 469 397 501 cum
415 452 460 499 in
480 451 690 499 inferiore
708 464 827 516 parte
852 452 1023 516 spiritus
1037 455 1218 503 craffum
1242 458 1363 516 aera,
1386 468 1432 516 et

151 528 196 574 in
224 527 359 574 nubes
381 526 583 572 coactum
599 559 614 582 ‚
642 525 798 572 eadem
829 527 876 573 vi
897 542 985 590 qua
1013 529 1127 590 apud
1149 543 1230 576 nos
1251 546 1433 594 quoque

151 602 297 649 nubila
327 600 467 663 frangi
494 598 661 657 solent,
688 601 882 663 rumpit;
911 615 955 648 et
975 600 1086 665 ignis
1113 620 1168 650 ex
1195 604 1283 652 hoc
1303 605 1433 652 colli-

151 673 197 721 su
215 673 396 719 nubium
413 707 427 730 ‚
458 671 674 736 cursuque
702 673 790 720 elisi
819 673 961 732 a'e'ris,
993 675 1186 724 emicuit.
1231 676 1317 724 Hic
1343 677 1436 740 ipse

151 747 198 794 in
223 747 359 793 obvia
389 745 598 801 incurrit,
621 745 789 793 exitum
809 762 1052 810 quaerens,
1083 762 1134 795 ac
1165 747 1336 798 divellit
1362 764 1437 798 re-

153 818 416 887 pugnantia:
454 817 597 865 donec
632 833 710 880 per
733 817 907 900 angusta
944 832 1019 866 aut
1049 821 1196 868 nactus
1220 819 1283 867 est
1312 820 1438 869 viam

153 893 344 940 exeundi
370 893 424 939 ad
451 891 659 949 coelum,
690 903 761 938 aut
781 892 827 939 vi
855 904 985 956 atque
1013 892 1170 941 iniuria
1197 887 1313 940 fecit
1347 892 1440 943 Alii

156 966 199 1012 'm
219 966 317 1028 igne
354 963 526 1012 causam
556 963 736 1027 quidem
768 961 879 1024 effe,
910 964 983 1013 sed
1015 981 1105 1012 non
1133 965 1195 1013 ob
1212 965 1334 1025 hoc,
1368 966 1439 1014 iu-

155 1042 332 1087 dicant:
367 1039 438 1085 sed
472 1038 571 1102 quia
601 1038 801 1101 pluribus
829 1039 1010 1086 obrutus
1038 1039 1146 1088 locis
1181 1040 1361 1099 ardeat,
1392 1052 1438 1090 et

155 1113 358 1176 proxima
388 1125 587 1175 quaeque
613 1112 853 1160 consumat.
886 1114 1015 1172 Quae
1044 1110 1075 1158 fi
1102 1112 1280 1176 quando
1311 1114 1438 1161 exesa

156 1185 423 1243 ceciderint,
451 1197 557 1233 tunc
585 1184 708 1248 sequi
724 1196 898 1231 motum
926 1201 1072 1232 earum
1093 1185 1440 1250 partium9quae

155 1257 356 1305 subiectis
374 1257 646 1305 adminiculis
672 1255 898 1304 destitutae
916 1256 1082 1313 labant,
1098 1255 1243 1304 donec
1260 1272 1442 1304 corrue-³

157 1347 235 1377 re:
270 1329 392 1377 nullo
418 1341 716 1387 occurrente,
741 1329 864 1392 quod
899 1343 1009 1374 onus
1043 1327 1275 1390 exciperet.
1310 1329 1444 1378 Tunc

160 1404 402 1461 chasmata‚
422 1415 527 1452 tunc
546 1403 689 1451 hiatus
715 1403 822 1452 vasti
849 1401 1125 1465 aperiuntur:
1146 1414 1218 1448 aut
1245 1419 1345 1449 cum
1364 1404 1444 1450 diu

161 1478 474 1525 dubitaverunt
489 1513 503 1535 ‚
520 1474 650 1540 'super
673 1492 723 1524 ea
745 1476 814 1533 se,
841 1491 952 1539 quae
981 1474 1206 1538 supersunt
1220 1473 1446 1540 stantque5

161 1562 456 1614 componunt.
491 1552 592 1597 Hoc
614 1550 728 1612 apud
763 1565 844 1596 nos
876 1565 1056 1612 quoque
1086 1547 1289 1598 'videmus
1324 1550 1447 1598 acci-

164 1625 293 1681 dere,
334 1622 541 1687 quotiens
560 1622 767 1670 incendio
787 1639 885 1685 pars
904 1621 1089 1669 civitatis
1109 1620 1305 1669 laborat:
1342 1638 1447 1671 cum

163 1696 337 1745 exustae
357 1696 501 1744 trabes
521 1695 646 1755 sunt,
669 1707 741 1743 aut
766 1708 976 1758 corrupta
1004 1711 1113 1757 quae
1145 1695 1448 1759 superioribus

163 1772 490 1818 firmamentum
512 1770 702 1825 dabant;
729 1776 832 1817 'tunc
854 1770 929 1817 diu
952 1769 1110 1832 agitata
1132 1769 1300 1835 fastigia
1330 1787 1448 1818 con-

163 1844 346 1900 cidunt,
366 1854 409 1889 et
425 1856 514 1888 tam
537 1840 613 1887 diu
633 1839 893 1900 differuntur
910 1852 1039 1905 atque
1056 1839 1222 1890 incerta
1239 1842 1359 1903 sunt,
1373 1844 1448 1891 do.-

162 1933 245 1964 nec
267 1916 314 1962 in
330 1914 476 1962 solido
492 1912 756 1963 resederunt

229 1989 289 2035 X.
322 1987 611 2033 Anaximenes
636 1986 723 2042 ait,
748 1999 908 2034 terram
929 1982 1065 2049 ipsam
1085 1980 1161 2032 fibi
1178 1980 1264 2033 effe
1278 1986 1449 2033 causam

167 2072 317 2119 motus
337 2094 351 2115 ‚
384 2075 464 2106 nec
492 2058 757 2106 extrinsecus
776 2059 996 2107 incurrere
1013 2060 1137 2123 quod
1157 2059 1270 2121 illam
1291 2059 1449 2122 impel-

165 2132 256 2180 lat:
287 2131 360 2178 sed
378 2130 490 2178 intra
507 2131 642 2194 ipsam
677 2143 720 2179 et
744 2150 800 2179 ex
829 2132 922 2195 ipsa
952 2132 1160 2196 quasdam
1189 2143 1330 2195 partes
1359 2132 1453 2181 eius

168 2207 369 2255 decidere
384 2242 399 2263 ,
429 2209 535 2269 quas
553 2220 627 2254 aut
648 2206 812 2254 humor
838 2208 1045 2265 solverit,
1067 2219 1142 2254 aut
1159 2208 1270 2272 ignis
1291 2209 1454 2255 exede-

167 2282 224 2330 rit
240 2316 253 2337 ,
273 2296 346 2328 aut
364 2280 536 2343 spiritus
565 2280 774 2329 'violentia
807 2283 1048 2330 excusserit.
1070 2283 1158 2330 Sed
1178 2283 1245 2330 his
1266 2284 1453 2348 quoque

167 2354 428 2409 cefl'antibus
453 2371 543 2402 non
570 2355 737 2414 deesse,
768 2368 949 2420 propter
968 2358 1090 2420 quod
1114 2355 1276 2420 aliquid
1306 2356 1455 2403 abscea

169 2427 242 2475 dat
271 2441 345 2474 aut
369 2427 611 2475 revellatur.
632 2428 747 2474 Nam
766 2429 960 2491 primum
979 2430 1127 2481 omnia
1151 2429 1363 2480 vetustate
1389 2429 1454 2475 la-

228 2502 279 2551 L,
301 2503 423 2548 Arm.
452 2501 618 2555 Seneca.
647 2504 694 2548 V
689 2505 740 2559 οξ.
772 2505 858 2553 JV„
1176 2503 1222 2549 X
