1730 2870
261 136 352 185 324
453 123 534 170 «ι.
566 89 896 167 [AN‘NAE1
957 122 1318 169 SENECAE

255 228 318 276 ibi
335 229 522 278 calidum
543 227 605 276 est
623 260 637 284 ,
658 227 774 275 unde
795 225 930 292 frigus
948 229 1174 292 expulsum
1192 229 1267 278 est.
1297 232 1397 279 Hoc
1416 233 1545 297 quod

254 301 359 349 dico
376 317 533 349 verum
553 299 614 347 est
635 318 647 347 ε
669 300 740 346 sed
758 311 992 364 utrumque
1011 301 1058 348 in
1085 303 1354 351 contrarium
1378 307 1474 369 agi,
1490 324 1545 354 ex

252 377 342 424 hoc
368 375 445 422 tibi
462 385 674 439 appareat.
702 373 904 422 Hiberno
935 386 1161 439 tempore,
1191 394 1292 425 cum
1313 379 1437 442 supra
1454 394 1546 428 ter-

253 467 344 498 ram
363 449 499 514 frigus
520 448 601 506 est,
624 449 763 497 calent
783 448 932 512 putei,
951 465 1032 497 nec
1055 450 1200 498 minus
1220 452 1394 514 specus,
1413 466 1543 518 atque

252 540 409 571 omnes
425 523 502 571 sub
523 539 637 571 terra
663 521 854 570 recessus
874 538 885 569 ε
909 521 1014 586 quia
1044 537 1102 569 eo
1122 523 1164 570 se
1184 524 1302 571 calor
1324 527 1512 575 contulit
1528 564 1543 586 ‚

252 597 474 660 superiora
501 595 733 661 poffidenti
751 594 908 659 frigori
934 594 1126 643 cedens:
1150 596 1225 660 qui
1245 614 1343 644 cum
1363 598 1410 646 in
1428 599 1545 648 inte-

252 671 372 719 riora
402 671 632 735 pervenit,
661 680 704 717 et
737 685 794 717 eo
823 668 864 716 se
891 679 1103 733 quantum
1134 682 1309 732 poterat
1336 672 1507 737 ingeffit
1526 706 1541 732 ‚

251 763 346 811 quo
376 745 491 793 dens
495 762 577 804 or
608 746 698 793 hoc
728 744 921 794 validior
949 743 1043 791 est.
1063 744 1170 792 huic
1198 744 1304 792 alius
1335 745 1544 810 superve-

249 821 339 878 nit,
368 819 460 868 cui-
458 818 703 868 neceffario
731 830 1024 882 congregatus
1051 817 1158 865 ille
1147 834 1234 864 iam
1265 831 1309 866 et
1336 818 1380 866 in
1401 836 1543 884 angu-

250 893 362 940 stum
392 893 578 957 pressus,
610 894 716 941 loco
746 892 876 940 cedit.
905 893 1028 940 Idem
1058 908 1083 939 e
1110 892 1336 941 contrario
1363 894 1545 954 evenit,

249 983 352 1015 cum
373 967 441 1015 vis
460 966 604 1013 maior
619 965 766 1029 frigidi
784 965 899 1013 illata
916 965 962 1012 in
982 965 1184 1014 cavernis
1206 965 1279 1013 est.
1306 967 1541 1032 Quidquid

248 1041 337 1088 illic
360 1040 489 1088 calidi
507 1041 637 1096 latet,
663 1039 822 1104 frigori
839 1039 1000 1087 cedens
1026 1040 1114 1087 abit
1133 1040 1178 1087 in
1197 1039 1428 1104 angustum
1450 1077 1464 1100 ,
1496 1055 1540 1090 et

249 1130 415 1178 magno
446 1113 614 1176 impetu
648 1113 792 1178 agitur
827 1129 838 1159 ε
870 1111 974 1176 quia
1008 1128 1100 1159 non
1133 1112 1295 1175 patitur
1319 1113 1543 1179 utriusque

249 1200 401 1233 natura
419 1184 707 1233 concordiam
722 1220 736 1242 ,
760 1199 842 1230 nec
862 1183 907 1230 in
933 1199 1026 1231 uno
1045 1200 1233 1232 moram.
1263 1185 1450 1250 Fugiens
1469 1203 1540 1234 er-

248 1274 308 1322 go
321 1295 333 1317 ‚
356 1270 398 1306 et
418 1258 545 1306 omni
562 1259 702 1305 modo
721 1257 904 1321 cupiens
923 1258 1160 1315 excedere,
1181 1258 1384 1320 proxima
1403 1277 1538 1324 quae-

248 1349 335 1395 que
355 1331 587 1379 remolitur
606 1348 656 1380 ac
679 1330 816 1378 iactat.
842 1329 1036 1394 Ideoque
1052 1341 1286 1394 antequam
1305 1342 1418 1379 terra
1434 1349 1537 1379 mo-

248 1417 402 1453 veatur
421 1440 434 1463 ,
465 1405 573 1453 solet
601 1403 795 1468 mugitus
828 1402 997 1462 audiri,
1036 1404 1179 1453 ventis
1209 1403 1255 1450 in
1287 1404 1437 1451 abdito
1462 1420 1536 1452 tu-

249 1478 578 1528 multuantibuS.
615 1495 697 1527 nec
733 1475 852 1525 enim
878 1477 1001 1525 aliter
1031 1476 1201 1541 poffet‚
1225 1489 1272 1525 ut
1297 1478 1356 1525 ait
1387 1477 1536 1527 noster

246 1551 459 1616 Virgilius
484 1567 496 1599 τ

311 1660 402 1704 Sub
411 1658 589 1720 pedibus
608 1657 760 1721 mugire
766 1658 909 1719 solum
924 1692 938 1716 ,
953 1655 998 1706 δ’
1013 1658 1110 1722 iuga
1127 1658 1231 1720 ceg‘fa
1245 1661 1397 1706 moveri
1415 1675 1432 1705 .·

243 1764 321 1813 nisi
357 1766 446 1813 hoc
471 1764 578 1814 effet
609 1779 851 1814 ventorum
885 1783 1013 1830 opus.
1048 1766 1182 1815 Vices
1214 1765 1372 1814 deinde
1406 1766 1534 1816 huius

242 1856 415 1904 pugnae
447 1839 574 1887 sunt':
611 1839 762 1888 definit
798 1840 924 1888 calidi
955 1840 1272 1903 congregatio,
1304 1857 1354 1888 ac
1386 1841 1530 1889 rursus

238 1912 429 1975 eruptio.
467 1912 598 1959 Tunc
625 1911 784 1976 frigida
817 1913 1157 1976 compescuntur
1188 1923 1230 1959 et
1261 1912 1529 1971 succedunt,

238 1999 345 2030 mox
364 1983 507 2032 futura
527 1985 787 2047 potentiora.
807 1985 932 2031 Dum
962 2001 1071 2049 ergo
1091 1986 1256 2032 alterna
1276 1984 1343 2032 vis
1366 1985 1528 2045 cursat,

237 2072 281 2106 et
301 2058 416 2105 ultro
437 2058 638 2122 citroque
665 2058 836 2122 spiritus
864 2070 1111 2116 commeat,
1133 2057 1395 2106 concutitur.

301 2133 549 2178 XIVxSunt
563 2131 638 2195 qui
656 2131 898 2180 existiment
913 2168 927 2190 ‚
944 2131 1097 2195 spiritu
1118 2131 1296 2195 quidem
1313 2166 1326 2188 ‚
1345 2142 1389 2176 et
1407 2129 1526 2177 nulla

234 2204 317 2251 alia
339 2206 509 2252 ratione
534 2219 722 2254 tremere
738 2222 896 2254 terram
910 2242 923 2263 ,
953 2206 1026 2254 sed
1045 2224 1100 2253 ex
1126 2205 1209 2252 alia
1224 2205 1372 2261 causa,
1389 2221 1522 2268 quam

233 2277 455 2326 Aristoteli
480 2280 652 2342 placuit.
674 2280 798 2342 Quid
818 2282 867 2328 fit
889 2281 1011 2345 quod
1034 2281 1088 2327 ab
1107 2279 1172 2326 his
1192 2280 1386 2336 dicatur,
1409 2277 1522 2326 audi.

232 2350 408 2413 Corpus
433 2352 629 2400 nostrum
656 2365 698 2400 et
719 2352 921 2416 sanguine
944 2353 1167 2416 irrigatur,
1193 2364 1237 2399 et
1257 2351 1424 2415 spiritu,
1442 2348 1519 2412 qui

228 2441 307 2488 per
337 2425 407 2474 sua
433 2425 587 2475 itinera
616 2426 830 2477 discurrit.
861 2426 1087 2474 Habemus
1118 2437 1265 2474 autem
1301 2422 1516 2489 quaedam
