1730 2870
536 33 549 63 Ι
1202 50 1207 63 x

223 106 316 173 258
370 90 420 138 U
481 108 529 154 L.
578 105 877 153 ANNAEI
920 107 1277 154 SENECAE

223 230 280 260 na
304 211 500 261 ferienda
525 212 634 261 sunt.
661 211 803 258 Faciet
830 210 981 274 pluvia
1007 212 1170 275 segetes
1197 212 1356 270 malas,
1380 210 1504 262 fruc*

225 298 318 334 tum
344 286 513 350 grando
535 285 749 343 decutiet,
769 284 1057 332 intumescent
1074 285 1183 333 rivis
1199 285 1378 333 flumina
1397 306 1408 333 :
1431 288 1506 335 sed

226 359 425 407 resident.
454 356 730 418 Quibusdam
757 357 902 420 placet
933 358 1110 405 moveri
1133 375 1281 415 mare,
1311 375 1354 407 et
1386 360 1507 408 illinc

228 430 400 479 causam
419 440 562 477 tantae
582 429 717 476 cladis
742 428 899 477 arceffi.
930 431 1038 476 Non
1057 431 1199 493 potest
1217 433 1479 481 torrentium
1494 471 1510 492 ‚

188 563 190 567 7
230 516 306 552 aut
325 503 533 551 imbrium
550 536 565 559 ‚
597 519 670 550 aut
688 502 1099 551 fluminum‘iniuria
1117 503 1214 554 fieri
1235 520 1324 554 tam
1346 509 1509 571 grande

230 576 520 640 naufragium.
546 576 638 623 Ubi
656 575 782 623 instat
800 576 870 622 illa
891 576 1134 639 pernicies,
1164 579 1408 644 mutarique
1433 598 1511 645 ge-

231 665 312 696 nus
332 649 572 695 humanum
589 647 778 711 placuit,
794 647 930 695 fluere
947 648 1135 696 affiduos
1154 649 1338 710 imbres,
1357 666 1401 700 et
1419 670 1513 700 non

233 720 320 767 effe
351 722 536 769 modum
566 721 730 784 pluviis
751 721 1034 769 concesserim
1054 739 1064 767 ε
1087 722 1313 786 suppress'is
1339 726 1512 790 aquilo-

234 785 388 842 nibus,
413 799 456 834 et
487 786 594 833 flatu
622 786 803 835 sicciore
828 804 839 834 :
868 785 1019 834 austris
1048 787 1186 835 nubes
1214 803 1259 837 et
1280 789 1441 840 imbres
1470 804 1514 841 et

236 874 385 907 amnes
402 860 635 907 abundare.

484 970 572 1014 Sed
593 970 725 1014 adhuc
743 969 789 1013 in
808 969 966 1014 damna
976 970 1204 1030 proffeffum
1221 968 1285 1037 ss.

305 1046 340 1087 S
342 1057 560 1087 cernuntur
564 1039 715 1103 segetes
731 1076 744 1098 ‚
772 1037 814 1086 G*
832 1044 1041 1102 deplorata
1059 1045 1217 1089 colonis

311 1120 425 1163 Vota
444 1118 580 1162 iacent
593 1151 607 1175 ,
638 1117 827 1178 longique
837 1117 945 1177 perit
961 1119 1078 1163 labor
1093 1119 1233 1164 irritus
1255 1120 1376 1165 armi.

244 1229 350 1276 Non
366 1223 478 1273 laedi
499 1223 660 1271 debent
680 1234 842 1280 terrae,
866 1222 940 1269 sed
958 1220 1174 1269 abscondi.
1194 1220 1403 1285 Denique
1418 1237 1520 1269 cum

243 1316 322 1363 pei·
341 1297 416 1344 ista
437 1295 661 1359 prolusum
682 1293 763 1351 est,
786 1295 981 1341 crescunt
1001 1293 1134 1339 maria
1148 1328 1161 1349 ‚
1177 1293 1250 1340 sed
1269 1293 1395 1356 super
1416 1293 1522 1340 [0Ῑί-

244 1387 368 1429 tum,
399 1380 442 1416 et
471 1367 653 1414 flubium
676 1366 789 1412 ultra
819 1377 1060 1412 extremum
1086 1364 1349 1428 tempestatis
1380 1365 1523 1412 maxi-=

245 1460 342 1491 mae
359 1439 588 1503 vestigium
605 1439 796 1486 mittunt.
817 1439 992 1486 Deinde
1013 1455 1035 1485 a
1052 1453 1176 1502 tergo
1190 1439 1332 1486 ventis
1352 1439 1526 1502 surgen-

246 1518 362 1564 tibus
378 1547 392 1570 ,
419 1514 572 1577 ingens
604 1529 770 1576 aequor
794 1512 1039 1568 evolvunt3
1071 1513 1195 1575 quod
1219 1513 1351 1576 longe
1370 1529 1394 1558 a
1416 1529 1527 1560 con-

247 1591 397 1653 spe-{tu
431 1587 652 1636 interioris
686 1587 826 1633 litoris
855 1585 1079 1649 frangitur.
1109 1586 1286 1633 Deinde
1321 1586 1397 1633 ubi
1425 1587 1528 1634 litus

249 1664 314 1711 bis
339 1674 491 1725 terque
516 1661 734 1723 prolatum
759 1659 842 1718 est,
861 1673 903 1705 et
927 1659 1101 1722 pelagus
1120 1659 1165 1705 in
1194 1659 1340 1706 alieno
1366 1660 1530 1707 consti-

249 1736 331 1790 tit,
357 1735 479 1782 velut
498 1733 680 1779 admoto
710 1732 830 1778 malo
850 1730 1050 1778 cominus
1074 1731 1292 1794 procurrit
1317 1732 1454 1780 aestus
1472 1750 1530 1781 ex

249 1809 344 1856 imo
373 1806 541 1870 recessu
575 1806 721 1853 maris.
755 1808 870 1852 Nam
906 1817 956 1853 ut
984 1804 1121 1862 aeris,
1154 1816 1202 1851 ut
1232 1804 1443 1861 aetheris,
1471 1806 1530 1853 fic

251 1882 377 1929 huius
394 1880 595 1929 elementi
622 1880 738 1944 larga
762 1879 941 1926 materia
961 1877 1022 1925 est
1036 1913 1049 1935 ‚
1070 1878 1298 1942 multoque
1316 1877 1361 1923 in
1377 1879 1530 1926 abdito

253 1955 437 2019 plenior.
466 1955 585 2000 Haec
618 1953 715 1999 fatis
751 1966 899 2010 moja,
929 1968 1020 1997 non
1052 1950 1198 2007 aestu,
1232 1948 1367 2014 (nam
1390 1950 1531 1998 aestus

253 2028 331 2076 fati
351 2028 639 2075 ministerium
662 2026 747 2089 est)
773 2026 930 2072 attollit
949 2024 1184 2074 vasto,siml
1201 2022 1364 2070 fretum
1381 2058 1394 2080 ,
1425 2024 1533 2087 agit-

254 2117 340 2163 que
359 2112 458 2147 ante
483 2098 539 2145 se.
567 2097 746 2147 Deinde
776 2098 821 2143 in
842 2097 997 2143 miram
1017 2095 1286 2142 altitudinem
1317 2095 1532 2158 erigitur:

254 2186 299 2220 et
323 2173 404 2220 illis
430 2172 534 2220 tutis
560 2171 792 2217 hominum
816 2169 1101 2232 receptaculis
1134 2168 1334 2230 superest.
1363 2170 1457 2216 Nec
1480 2167 1535 2214 id

255 2248 379 2310 aquis
398 2247 581 2294 arduum
600 2246 687 2303 est,
714 2245 924 2308 quoniam
950 2261 1092 2305 aequo
1117 2244 1241 2291 terris
1270 2242 1441 2305 fastigio
1470 2241 1536 2288 as·-

256 2321 471 2368 cenderet.
489 2321 533 2366 Si
554 2319 652 2381 quis
678 2318 842 2366 excelsa
872 2318 1077 2380 perlibret
1093 2352 1108 2375 ,
1135 2316 1269 2363 maria
1287 2316 1403 2378 paria
1426 2315 1534 2361 sunt.

254 2394 371 2440 Nam
396 2410 473 2456 par
503 2393 697 2457 undique
721 2393 799 2441 fibi
821 2392 910 2456 ipsa
935 2392 1060 2440 tellus
1080 2388 1154 2439 est.
1185 2390 1307 2438 Cava
1331 2400 1375 2435 et
1407 2386 1538 2451 plana
