1730 2870
501 164 1078 213 EPISTOLAF..
1371 184 1429 230 57

154 285 341 321 cuntur:
372 271 447 319 ubi
477 272 686 319 acceffere
714 272 912 327 numeri,
939 286 981 318 et
1011 271 1231 336 egregium
1261 271 1431 320 sensum

155 347 418 394 adstrinxere
454 346 562 392 certi
590 346 750 408 pedes,
781 344 936 392 ‘eadem
964 346 1034 392 illa
1064 346 1269 392 sententia
1312 347 1435 392 velut

154 422 322 467 lacerto
359 419 527 465 excuffa
554 432 798 482 torquetur.
837 420 910 466 De
952 433 1181 465 contemtu
1217 419 1431 481 pecuniae

154 493 292 555 multa<
309 491 537 546 dicuntur,
567 504 609 539 et
636 491 888 554 longissimis
910 493 1185 538 orationibus
1204 492 1291 537 hoc
1310 508 1434 552 prae-

157 566 344 629 cipitur,
375 579 422 612 ut
448 566 648 612 homines
684 567 729 611 in
761 567 909 611 animo
929 602 942 622 ‚
972 582 1062 610 non
1091 567 1133 610 in
1165 565 1436 627 patrimonio

154 652 308 702 putent
330 639 416 686 effe
443 639 617 686 divitias
639 655 769 684 :eum
797 638 881 684 effe
909 639 1201 698 locupletem,
1233 638 1306 700 qui
1328 654 1435 699 pau-

155 711 314 773 pertati
343 710 439 757 suae
467 724 595 773 aptus
623 710 682 755 est
702 747 714 766 ,
746 724 788 756 et
822 726 963 772 parvo
998 709 1040 754 se
1071 708 1256 755 divitem
1292 708 1398 754 fecit
1423 724 1435 753 τ

155 785 293 847 magis
327 797 470 830 tamen
507 783 725 831 feriuntur
758 784 927 842 animi,
959 800 1059 830 cum
1092 783 1285 830 carmine
1320 781 1437 829 eius·

156 858 282 904 modi
310 858 421 905 dicia
457 858 585 906 sunt:

221 968 270 1012 Is
295 969 465 1012 minimo
493 983 573 1028 eget
597 969 808 1022 mortalis,
835 969 908 1028 qui
931 968 1152 1012 minimum
1181 969 1306 1026 cupit.

225 1040 356 1100 Quod
368 1042 458 1085 vult
476 1039 617 1095 habet,
644 1041 715 1100 qui
740 1043 837 1085 velle
864 1043 974 1101 quod
993 1040 1106 1099 fluis
1130 1041 1182 1105 cst
1200 1040 1337 1105 potest,

156 1145 272 1191 Cum
291 1145 398 1190 haec
416 1158 544 1207 atque
561 1145 775 1192 eiusmodi
795 1146 998 1192 audimus
1017 1181 1030 1202 ‚
1048 1146 1102 1191 ad
1120 1143 1437 1191 confeffionem

155 1219 350 1265 veritatis
375 1219 648 1266 adducimur.
680 1219 744 1265 Illi
770 1220 886 1266 enim
910 1219 1065 1282 quibus
1088 1218 1195 1263 nihil
1223 1217 1321 1263 satis
1351 1217 1438 1274 est,

155 1289 452 1346 admirantur,
490 1291 759 1344 acclamant,
792 1289 948 1335 odium
988 1288 1196 1351 pecuniae
1227 1287 1441 1334 indicunt.

158 1365 288 1410 Hunc
306 1364 483 1423 illorum
503 1363 707 1411 affefifflm
724 1364 799 1410 ubi
815 1364 999 1418 videris,
1017 1380 1121 1426 urge
1135 1398 1148 1418 ,
1165 1362 1254 1408 hoc
1273 1379 1440 1424 preme,

156 1436 244 1482 hoc
280 1452 443 1490 onera,
477 1436 634 1482 reliffis
659 1436 1036 1499 ambiguitatibus,
1071 1450 1114 1482 et
1146 1435 1439 1499 syllogismis,

158 1521 202 1554 et
229 1509 610 1568 cavillationibus,
639 1524 680 1555 et
701 1510 854 1556 ceteris
881 1509 1091 1556 acuminis
1111 1508 1222 1555 irriti
1241 1509 1439 1555 ludicris.

159 1584 248 1631 Dic
279 1584 322 1629 in
349 1584 578 1631 avaritiam
597 1617 612 1639 ,
638 1584 708 1631 dic
735 1584 779 1629 in
809 1585 1038 1631 luxuriam.
1070 1601 1173 1630 cum
1204 1581 1440 1645 profecisse

157 1671 201 1704 te
220 1657 383 1705 videris
400 1690 413 1713 ‚
435 1674 479 1705 et
496 1659 668 1705 animos
689 1659 953 1705 audientium
975 1657 1167 1705 affeceris
1181 1689 1196 1713 ‚
1231 1657 1338 1703 insta
1355 1674 1441 1705 ve-

157 1730 417 1779 hementius.
442 1732 682 1778 Verisimile
705 1748 795 1777 non
814 1731 896 1789 est,
919 1746 1130 1795 qnantum
1153 1730 1360 1794 proficiat
1378 1743 1443 1776 ta-

156 1802 208 1848 lis
227 1804 372 1849 oratio
394 1805 591 1851 remedio
616 1806 805 1857 intenta,
829 1814 870 1851 et
890 1819 981 1851 tota
1002 1806 1047 1851 in
1069 1807 1238 1852 bonum
1257 1805 1442 1851 audien·
1492 1830 1494 1832 v

158 1876 267 1922 tium
296 1878 433 1925 versa.
456 1880 673 1926 Facillime
690 1879 807 1925 enim
834 1891 981 1926 tenera
1009 1880 1299 1926 conciliantur
1315 1879 1439 1941 inge-

160 1951 230 1996 nia
263 1951 318 1997 ad
355 1951 524 1999 honesti
557 1953 750 2015 reffique
787 1969 1001 2000 amorem.
1037 1954 1192 2000 Adhuc
1229 1953 1445 2000 docilibiis

159 2023 399 2085 leviterque
418 2023 635 2085 corruptis
659 2023 799 2069 iniicit
822 2041 1000 2070 manum
1022 2026 1204 2081 veritas,
1236 2025 1265 2070 si
1296 2026 1442 2071 advo-

160 2110 306 2142 catum
335 2095 543 2142 idoneum
576 2097 698 2142 nacla
725 2096 799 2143 est.
829 2100 925 2160 Ego
948 2110 1091 2154 certe,
1123 2115 1224 2143 cum
1248 2098 1440 2144 Attalum

161 2168 356 2214 audirem
371 2204 384 2225 ‚
407 2168 452 2214 in
470 2169 577 2216 vitia
588 2206 603 2227 ‚
625 2171 670 2216 in
689 2187 880 2224 errores,
903 2171 946 2216 in
968 2171 1078 2216 mala
1098 2171 1214 2217 vitae
1232 2188 1441 2233 peroran-

160 2255 275 2296 tem,
304 2243 428 2306 saepe
457 2244 652 2292 misertus
678 2244 770 2291 sum
801 2245 968 2308 generis
999 2245 1210 2301 humani,
1242 2259 1285 2291 et
1315 2245 1438 2290 illum

159 2315 390 2362 sublimem
411 2317 701 2381 altioremque
726 2319 919 2365 humano
938 2317 1107 2382 fastigio
1134 2319 1315 2366 credidi.
1348 2317 1442 2380 Ipse

159 2406 308 2452 regem
336 2390 379 2436 se
407 2391 492 2438 effe
515 2392 715 2439 dicebat:
746 2393 816 2439 sed
843 2393 940 2455 plus
963 2409 1093 2456 quam
1120 2408 1298 2455 regnare
1330 2391 1441 2437 mihi

161 2462 416 2525 videbatur,
449 2465 522 2515 cui
542 2466 703 2515 liceret
733 2465 956 2516 censuram
993 2483 1121 2532 agere
1152 2466 1441 2530 regnantium„
