1730 2870
448 104 711 154 NATUR.
757 104 1052 166 QUAEST.
1101 106 1218 152 ΠΒ.
1255 106 1289 153 1.
1422 102 1508 164 183

233 211 393 260 minam
422 211 668 268 distributus
684 247 697 266 ‚
727 222 768 258 et
787 224 887 259 toto
905 228 1095 275 corpore
1124 209 1353 274 patientiae
1372 227 1511 273 expo-

231 285 332 331 fitus
346 319 359 342 ‚
381 281 591 346 spectabat
610 283 806 330 nefanda.
827 284 1051 343 Quidnam
1072 285 1210 328 homo
1231 283 1509 345 impurusre-

230 356 377 418 liquit,
391 355 514 417 quod
529 354 783 412 intenebris
803 355 989 403 faceret?
1006 357 1110 403 Non
1132 356 1355 419 pertimuit
1372 356 1507 414 diem,

228 425 301 472 sed
331 424 446 487 ipsos
468 426 727 473 concubitus
757 427 1039 489 portentosos
1065 427 1141 474 fibi
1172 427 1262 490 ipse
1290 427 1507 485 ostendit,

226 498 304 544 fibi
322 497 413 560 ipse
439 499 719 561 approbavit.
741 500 897 559 Quid?
924 517 1015 546 non
1045 514 1193 562 putas,
1222 517 1279 546 eo
1305 500 1399 563 ipso
1430 502 1506 547 ha-

225 573 318 620 bitu
342 572 527 621 voluiffe
548 573 703 636 pingi?
736 572 806 619 Est
824 574 966 636 aliqua
985 573 1115 620 etiarn
1139 573 1375 636 prostitutis
1402 589 1504 620 mo-

223 644 355 692 destia
373 661 383 690 :
405 660 449 691 et
468 645 538 690 illa
557 661 744 708 corpora
758 677 772 700 ‚
795 645 970 708 publico
990 645 1159 692 obieeta
1178 644 1372 691 ludibrio
1386 679 1400 701 ,
1422 644 1503 691 ali-

223 719 357 781 quid,
380 734 474 781 quo
503 716 658 764 infelix
687 719 889 781 patientia
910 719 1055 777 lateat,
1086 719 1361 766 obtendunt:
1391 719 1502 765 adeo

223 792 559 857 quodammodo
590 791 768 854 lupanar
797 809 977 856 quoque
1006 794 1310 841 verecundum
1341 793 1411 840 est.
1444 796 1504 840 At

221 867 323 913 illud
342 866 583 913 monstrum
604 865 946 914 obscoenitatem
966 867 1082 914 suam
1097 904 1109 922 ,
1128 867 1416 931 speclaculum
1438 866 1500 913 fe-

219 949 369 994 cerat,
401 936 444 983 et
474 953 523 983 ea
561 936 636 982 fibi
671 937 914 985 ostentabat
937 974 951 996 ,
992 940 1149 1002 quibus
1184 937 1502 986 abscondendis

219 1012 332 1056 nulla
358 1010 452 1056 satis
475 1010 558 1055 alta
583 1027 673 1056 nox
691 1010 761 1055 est.
779 1011 938 1068 Simul,
957 1010 1125 1074 inquit,
1149 1023 1191 1058 et
1210 1011 1355 1059 virum
1374 1023 1415 1057 et
1437 1010 1501 1058 fe-

218 1087 380 1132 minam
411 1086 553 1147 patior
579 1103 589 1130 :
617 1087 898 1134 nihilominus
927 1087 997 1133 illa
1027 1104 1207 1151 quoque
1233 1087 1498 1150 supervacua

214 1160 322 1206 mibi
343 1159 676 1221 p32·te,alicuius
701 1160 967 1206 contumelia
988 1177 1149 1206 marem
1172 1162 1494 1206 exerceo.Om-

181 1289 183 1291 ,
211 1233 282 1280 nia
307 1233 501 1278 membra
528 1232 680 1295 stupris
701 1248 917 1296 occupata
945 1233 1053 1279 sunt.
1083 1232 1215 1279 Oculi
1245 1248 1423 1296 quoque
1452 1233 1496 1277 in

212 1316 377 1367 partem
403 1303 595 1351 libidinis
615 1304 824 1360 veniant,
849 1318 891 1349 et
917 1303 1040 1349 testes
1065 1303 1155 1348 eius
1185 1302 1495 1365 exactoresque

211 1378 304 1424 sint.
334 1377 468 1423 Etiam
490 1393 538 1422 ea
557 1393 665 1439 quae
686 1376 740 1422 ab
759 1376 958 1438 adspectu
981 1375 1186 1438 corporis
1213 1375 1349 1422 nostri
1379 1375 1492 1438 pofi-

210 1451 275 1496 tio
301 1449 554 1506 submovit,
573 1461 662 1494 arte
683 1448 875 1495 visantur
893 1481 906 1504 ‚
931 1465 984 1494 ne
1004 1448 1100 1511 quis
1125 1464 1193 1494 me
1214 1459 1337 1510 putet
1355 1447 1493 1494 nesci-

210 1539 255 1568 re
274 1559 283 1577 ,
303 1522 408 1584 quid
429 1520 598 1567 faciam.
619 1521 736 1566 Nihil
760 1522 847 1584 egit
867 1533 1042 1578 natura,
1063 1521 1184 1583 quod
1205 1522 1418 1566 humanae
1439 1520 1493 1566 li—

211 1594 349 1641 bidini
383 1593 616 1641 ministeria
645 1609 734 1641 tam
754 1595 953 1658 *maligna
980 1594 1124 1651 dedit,
1153 1594 1275 1658 quod
1305 1594 1490 1640 aliorum

207 1669 456 1716 animalium
493 1668 751 1715 concubitus
786 1669 936 1716 melius
971 1667 1183 1714 instruxit.
1221 1666 1490 1724 Inveniam,

208 1741 580 1804 quemadmodum
602 1742 765 1788 morbo
783 1758 885 1788 meo
905 1741 1130 1803 imponam
1149 1753 1192 1787 et
1220 1738 1495 1786 satisfaciam*

208 1818 316 1875 Quo
338 1813 574 1876 nequitiam
595 1830 736 1860 meam
752 1849 765 1872 ,
795 1814 825 1859 fi
843 1814 897 1859 ad
917 1826 1093 1859 naturae
1113 1813 1297 1859 modum
1317 1817 1488 1874 pecco?

206 1888 252 1933 ld
273 1903 407 1950 genus
429 1886 709 1947 speculorum
729 1887 1064 1949 circumponam
1095 1885 1202 1931 mihi
1218 1921 1230 1941 ,
1264 1885 1387 1948 quod
1418 1885 1486 1932 in-

207 1959 457 2006 credibilem
488 1954 727 2023 imaginum
755 1959 1100 2023 magnitudinem
1126 1959 1291 2006 reddat.
1318 1959 1360 2004 Si
1380 1958 1488 2006 lice-

204 2045 268 2079 ret
292 2032 430 2088 mihi,
448 2033 501 2078 ad
520 2049 672 2080 verum
695 2033 771 2079 ista
794 2034 1081 2096 perducerem
1100 2050 1111 2078 ε
1129 2033 1229 2097 quia
1249 2049 1338 2080 non
1358 2033 1485 2092 licet,

163 2162 165 2164 ³
204 2106 436 2154 mendacio
459 2108 614 2169 pascar.
633 2108 923 2155 Obscoenitas
944 2124 1062 2167 mea,
1086 2108 1180 2171 plus
1198 2124 1329 2170 quam
1346 2109 1486 2171 capit,

205 2180 377 2234 videat,
409 2191 450 2225 et
471 2180 719 2241 patientiam
745 2182 862 2229 suam
885 2181 973 2243 ipsa
993 2181 1187 2227 miretur.
1218 2180 1396 2228 Facinus
1416 2182 1484 2228 in-

204 2252 398 2313 dignum.
430 2251 515 2298 Hic
531 2250 706 2298 fortasse
726 2253 817 2300 cito
831 2288 844 2310 ‚
866 2242 921 2298 ¹et
937 2265 1166 2316 antequam
1186 2252 1355 2300 videret
1370 2288 1383 2313 ,
1405 2269 1485 2302 oc·

203 2323 312 2371 cisus
329 2323 400 2368 est.
440 2324 507 2369 Ad
532 2324 750 2387 speculum
780 2326 901 2372 suum
929 2324 1223 2372 immolandus
1254 2325 1346 2373 fuit.

268 2397 410 2444 XVII,
427 2396 720 2445 Dei-ideantui·
737 2413 852 2448 nunc
869 2397 1143 2462 philosophi,
1167 2399 1289 2460 quod
1310 2400 1364 2447 de
1384 2399 1479 2463 spe-

529 2472 535 2477 .
617 2482 629 2494 s
1157 2473 1205 2516 Μ
1239 2487 1271 2531 4
