1730 2870
523 117 1113 198 EPISTOLAR
1398 170 1456 216 μ

256 281 372 324 Nam
399 280 522 324 veluti
541 281 656 339 pueri
685 283 891 341 trepidant
907 316 919 339 ,
952 297 1070 343 atque
1092 283 1236 328 onmia
1265 285 1393 328 caecis

254 364 310 408 In
329 363 497 408 tenebris
527 379 712 408 metuunt
730 381 746 408 .·
771 366 829 409 ita
848 383 924 411 nos
946 367 988 410 in
1014 370 1098 412 luce
1124 367 1327 411 timemus.

189 476 311 536 Quid
339 482 474 541 ergo?
506 478 610 523 Non
630 479 753 524 omni
780 496 918 541 puero
943 480 1157 528 stultiores
1183 480 1350 540 sumus,
1381 481 1457 544 qui

188 549 234 596 in
250 551 343 597 luce
361 550 593 598 timemus?
622 554 705 599 Sed
727 552 874 599 falsum
895 553 980 611 est,
1002 555 1172 602 Lucreti
1191 573 1203 602 ε
1223 572 1311 601 non
1332 555 1458 601 time-

190 640 284 671 mus
302 623 345 670 in
362 624 473 672 luce.
491 626 639 672 omnia
662 627 788 673 nobis
812 626 996 674 fecimus
1015 628 1237 674 tenebras:
1260 627 1368 674 nihii
1386 628 1457 675 vi-

188 697 369 752 demus,
405 714 486 743 nee
516 697 623 761 quid
657 714 845 757 noceat,
875 716 955 746 nec
987 698 1091 762 quid
1122 700 1336 761 expediat.
1366 713 1461 746 tota

185 769 276 819 vita
309 769 638 829 incursitamus,
669 789 748 819 nec
779 773 839 818 ob
868 773 955 819 hoc
983 772 1231 831 resistimus,
1268 786 1341 819 aut
1371 772 1459 819 cir-

184 843 473 905 cumspeffius
493 846 648 906 pedem
679 845 896 907 ponimus.
913 845 1048 892 Vides
1076 858 1220 892 autem
1250 862 1379 909 quam
1406 845 1455 892 fit

185 914 343 961 furiosa
367 932 432 962 res
447 951 458 971 ‚
481 916 524 961 in
544 916 732 962 tenebris
749 917 952 978 impetus.
968 919 1021 962 At
1039 916 1283 964 mehercule
1300 916 1345 962 id
1362 916 1454 980 agi-

182 1004 278 1035 mus
296 1025 308 1046 ,
329 1004 375 1036 ut
393 989 567 1052 longius
586 991 825 1036 revocandi
843 990 971 1036 simus
990 1008 1000 1036 :
1024 1002 1182 1037 etcum
1201 990 1460 1053 ignoremus

181 1077 272 1123 quo
296 1060 513 1118 feramur,
538 1061 757 1108 velociter
777 1076 920 1108 tamen
947 1062 1023 1108 iilo
1049 1079 1143 1126 quo
1161 1062 1454 1118 intendimus,

180 1132 243 1180 ire
273 1133 608 1194 perseveramus.
635 1135 717 1180 Sed
735 1135 973 1190 lucescere,
1002 1134 1031 1180 fi
1054 1135 1271 1190 velimus,
1302 1134 1459 1197 potesto

181 1207 287 1251 Uno
316 1219 463 1252 autem
481 1207 620 1252 modo
640 1207 781 1268 potest
796 1242 808 1262 ,
844 1207 873 1253 fi
893 1208 988 1269 quis
1012 1208 1124 1254 hanc
1157 1208 1454 1254 humanorum

182 1278 527 1341 divinorumque
548 1280 746 1325 notitiam
772 1279 987 1341 acceperit
1005 1295 1016 1323 ε
1046 1280 1075 1324 fi
1096 1279 1167 1324 illa
1185 1280 1226 1326 se
1249 1296 1338 1325 non
1358 1297 1458 1342 per-

180 1349 367 1406 fuderit,
390 1350 464 1397 scd
486 1350 684 1396 infecerit
703 1368 713 1395 :
741 1350 769 1395 fi
791 1352 941 1398 eadem
957 1387 971 1408 ,
995 1350 1196 1414 quamvis
1216 1350 1344 1405 sciat,
1380 1369 1454 1398 re-

180 1421 428 1468 trafiaverit
439 1457 453 1478 ,
473 1432 514 1468 et
533 1422 586 1468 ad
608 1422 647 1467 se
666 1420 788 1484 saepe
813 1421 1037 1468 retulerit:
1057 1420 1085 1466 fi
1101 1421 1326 1484 quaesierit
1342 1438 1455 1485 quae

178 1492 260 1538 smt
279 1493 416 1549 bona,
449 1509 558 1555 quae
588 1492 669 1538 sint
695 1493 805 1539 maia
827 1512 841 1547 3
868 1493 1024 1556 quibus
1052 1492 1139 1537 hoc
1166 1491 1214 1537 fit
1238 1491 1344 1538 falso
1373 1508 1455 1538 no-

179 1582 280 1611 men
300 1565 581 1626 adscriptum:
613 1563 642 1610 si
664 1563 887 1627 quaesierit
905 1565 957 1611 de
983 1563 1171 1611 honestis
1188 1599 1201 1620 ,
1233 1564 1287 1610 de
1311 1564 1453 1627 turpi·

179 1638 286 1694 bus,
317 1637 370 1683 de
391 1636 682 1699 providentia.
711 1638 806 1683 Nec
835 1637 946 1683 intra
967 1636 1073 1683 haec
1093 1635 1269 1682 humani
1288 1635 1455 1698 ingenii

178 1708 379 1772 sagacitas
407 1707 575 1754 sistitur.
606 1708 855 1770 prospicere
880 1722 922 1754 et
950 1709 1059 1754 ultra
1080 1708 1293 1754 mundum
1316 1708 1421 1754 libet
1439 1743 1456 1765 ,

179 1795 272 1843 quo
295 1779 483 1838 feratur,
512 1779 628 1826 unde
646 1779 906 1837 surrexerit,
936 1778 979 1824 in
999 1796 1130 1842 quem
1152 1779 1317 1826 exitum
1338 1793 1454 1827 tanta

178 1868 326 1898 rerum
357 1851 570 1898 velocitas
604 1865 824 1914 properet.
862 1852 929 1896 Ab
954 1851 1034 1898 hac
1069 1851 1217 1898 divina
1250 1866 1455 1899 contem-

177 1923 368 1986 platione
405 1924 639 1970 abdufium
681 1925 874 1970 animum
911 1924 955 1969 in
991 1923 1161 1969 sordida
1192 1935 1235 1970 et
1275 1925 1461 1971 humilia„

180 1996 470 2058 pertraximus
487 2032 501 2055 ,
528 2011 575 2043 ut
595 1996 797 2044 avaritiae
817 1995 998 2043 serviret
1013 2031 1026 2053 ,
1048 2009 1095 2042 ut
1114 1996 1266 2043 reli&o
1284 1998 1455 2045 mundo

177 2068 459 2131 terminisque
495 2068 616 2125 eius,
653 2082 695 2115 et
733 2067 924 2115 dominis
966 2068 1120 2115 cuneia
1152 2069 1421 2117 versantibus
1439 2106 1463 2128 ‚,

174 2152 335 2187 terram
378 2141 634 2198 rimaretur,
674 2154 716 2188 et
750 2156 977 2204 quaereret
1011 2142 1116 2205 quid
1151 2159 1206 2188 ex
1243 2142 1312 2188 illa
1351 2143 1457 2190 mali.

174 2212 411 2272 effoderet,
455 2230 544 2260 non
585 2226 816 2261 contentus
855 2213 1023 2261 oblatis.
1062 2214 1289 2276 Quidquid
1323 2215 1451 2262 nobis

175 2287 298 2333 bono
325 2286 517 2333 futurum
548 2301 666 2340 erat,
703 2285 828 2332 Deus
855 2297 896 2332 et
918 2303 1075 2348 parens
1104 2286 1248 2333 noster
1273 2286 1319 2333 in
1345 2303 1455 2349 pro-

176 2359 300 2404 ximo
317 2359 474 2421 posuit.
489 2361 595 2405 Non
612 2360 876 2423 exspe&avit
894 2360 1215 2424 inquisitionem
1235 2360 1424 2408 nostram
1436 2377 1455 2406 z.

175 2432 291 2480 ultro
317 2434 434 2483 dedit
464 2452 476 2482 ε
509 2435 707 2490 nocitura
735 2435 929 2483 altissime
959 2436 1118 2499 preffit.
1148 2437 1268 2484 Nihil
1301 2437 1376 2485 nisi
1397 2438 1455 2485 de

1095 2513 1195 2571 E4
