1730 2870
272 112 363 157 282
496 113 546 159 L.
596 111 898 157 ANNAEI
947 112 1314 169 SENECAE

268 235 400 283 quam
425 218 480 264 ab
500 218 595 273 illo,
626 217 671 263 in
691 234 787 280 quo
799 217 1043 266 maioribus
1071 219 1222 267 hostiis
1249 232 1428 267 exorata
1445 232 1550 268 erat.

335 293 430 337 VII.
456 290 691 336 Rationem
721 290 845 337 huius
863 290 923 336 rei
943 291 1121 353 quidam
1141 306 1372 354 quaerunt.
1393 293 1548 346 Alteri,

267 377 315 410 ut
329 363 532 410 homines
550 362 881 426 sapientissimos
900 364 1050 420 decet,
1069 378 1226 427 negant
1243 366 1361 426 poss'e
1380 365 1489 420 fieri,
1505 378 1551 412 ut

270 453 371 480 cum
393 435 601 497 grandine
634 434 790 498 aliquis
805 435 1068 497 paciscatur,
1098 451 1141 482 et
1160 436 1434 499 tempestates
1453 451 1551 484 mu-

267 508 459 555 nusculis
487 508 694 563 redimat,
723 508 925 572 quamvis
954 525 1133 554 munera
1162 508 1291 561 etiam
1321 510 1427 555 deos
1447 511 1552 556 vin·

267 593 381 628 cant.
400 580 534 627 Alteri
555 580 758 644 suspicari
777 580 892 643 ipsos
910 579 1031 626 aiunt
1046 612 1062 635 ,
1087 580 1173 626 esse
1191 579 1236 625 in
1260 580 1357 642 ipso
1377 582 1549 645 sangui-

266 670 322 699 ne
350 653 438 699 vim
462 654 682 718 quandam
705 667 930 717 potentem
948 654 1212 701 avertendae
1229 655 1354 700 nubis
1372 689 1385 710 ‚
1414 673 1466 702 ac
1481 673 1551 702 re·-

266 726 507 789 pellendae.
539 728 624 774 Sed
642 726 875 791 quomodo
899 725 941 771 in
961 737 1046 771 tam
1066 725 1232 788 exiguo
1251 724 1452 788 sanguine
1470 743 1550 788 po·

265 798 345 845 test
364 799 449 847 effe
480 800 547 847 vis
567 813 684 847 tanta
698 836 712 858 ‚
733 812 781 846 ut
798 799 856 845 'in
875 799 1010 846 altum
1032 811 1230 860 penetret
1246 833 1260 854 ‚
1281 812 1323 846 et
1342 816 1438 849 eam
1459 801 1552 847 sen-

265 870 374 917 tiant
394 871 557 918 nubes?
589 874 774 932 Quanto
800 872 1043 933 expeditius
1064 884 1156 918 erat
1172 871 1319 918 dicere
1333 906 1346 929 ‚
1366 871 1554 919 Menda-

263 937 387 989 *cium
413 957 456 990 et
481 943 626 990 fabula
646 944 736 991 est?
770 948 825 990 At
853 944 1034 990 Cleonis
1059 943 1221 990 iudicia
1243 944 1482 991 reddebant
1509 944 1556 991 in

268 1015 390 1073 illos,
414 1016 574 1080 quibus
602 1017 798 1080 delegata
824 1032 917 1063 erat
937 1034 1039 1064 cura
1060 1017 1362 1079 providendae
1381 1029 1555 1081 tempe·

269 1088 414 1136 statis:
441 1090 568 1153 quod
592 1089 854 1153 negligentia
891 1105 1048 1136 eorum
1069 1088 1223 1136 vineae
1256 1089 1559 1151 vapulassem,

271 1177 347 1210 aut
372 1164 534 1228 segetes
552 1165 848 1227 procidiffent.
867 1167 918 1211 Et
936 1165 1052 1227 apud
1072 1180 1152 1211 nos
1171 1164 1217 1210 in
1235 1164 1470 1210 duodecim
1491 1176 1558 1210 ta-

271 1238 384 1286 bulis
421 1252 629 1296 cavetur,
668 1257 722 1286 ne
757 1239 856 1303 quis
891 1239 1059 1286 alienos
1098 1238 1261 1284 fructus
1296 1237 1557 1284 excantaffit.

272 1311 411 1359 Rudis
444 1312 585 1360 adhuc
630 1313 867 1375 antiquitas
907 1312 1112 1359 credebat
1140 1324 1182 1357 et
1213 1311 1367 1357 attrahi
1396 1311 1558 1357 imbres

272 1384 472 1432 cantibus
490 1417 504 1439 ‚
537 1397 580 1432 et
605 1385 756 1446 repelli
777 1402 788 1431 t
809 1401 1000 1447 quorum
1031 1382 1138 1429 nihil
1165 1383 1286 1446 poffe
1315 1382 1435 1437 fieri,
1470 1396 1559 1428 tam

274 1457 415 1518 palam
436 1458 497 1504 est
511 1495 524 1515 ,
555 1470 602 1504 ut
620 1456 747 1504 huius
765 1458 829 1504 rei
848 1457 971 1504 causa
990 1455 1148 1503 nullius
1167 1454 1418 1519 philosophi
1435 1455 1561 1502 scho-

273 1532 313 1578 la
336 1532 536 1578 intranda
563 1530 626 1578 fit.

342 1608 458 1653 VIII.
496 1607 645 1652 Unam
685 1620 780 1651 rem
813 1604 956 1650 adhuc
990 1602 1217 1660 adiiciam,
1253 1612 1296 1648 et
1330 1600 1478 1649 favere
1512 1618 1566 1649 ac

276 1678 487 1740 plaudere
520 1690 562 1724 te
590 1676 772 1724 iuvabit.
797 1676 936 1722 Aiunt
967 1675 1118 1722 nivem
1148 1674 1192 1719 in
1218 1690 1267 1719 ea
1299 1688 1421 1735 parte
1454 1674 1565 1720 aeris

277 1749 374 1797 fieri
390 1787 405 1807 ,
433 1767 544 1814 quae
566 1767 704 1812 prope
733 1765 868 1797 terras
894 1748 970 1795 est.
999 1749 1127 1795 Hanc
1147 1747 1263 1793 enim
1284 1747 1380 1810 plus
1405 1747 1563 1794 habere

279 1822 435 1871 caloris
462 1841 516 1871 ex
537 1824 676 1872 tribus
707 1824 856 1870 causis.
879 1825 1010 1878 Una,
1030 1821 1152 1884 quod
1179 1821 1324 1868 omnis
1352 1832 1562 1867 terrarum

281 1897 571 1958 evaporatiO,
602 1913 704 1944 cum
734 1896 920 1941 multum
952 1893 1062 1940 intra
1097 1893 1137 1940 se
1171 1892 1336 1940 fervidi
1366 1892 1568 1956 aridique

281 1968 440 2015 habeat
463 2005 477 2026 ‚
511 1969 600 2015 hoc
639 1968 702 2015 est
738 1967 947 2023 calidior,
987 1981 1080 2029 quo
1107 1966 1338 2013 recentior.
1386 1966 1567 2022 Altera,

281 2043 409 2105 quod
439 2041 548 2088 radii
568 2041 670 2088 solis
688 2059 712 2089 a
732 2056 846 2089 terra
873 2041 1090 2098 resiliunt,
1121 2054 1165 2086 et
1188 2040 1232 2086 in
1262 2039 1303 2087 se
1323 2055 1568 2087 recurrunt.

284 2117 462 2162 Horum
477 2115 718 2178 duplicatio
736 2114 938 2178 proxima
955 2130 1153 2178 quaeque
1172 2131 1193 2160 a
1214 2113 1340 2160 terris
1361 2113 1569 2161 calefacit.

285 2192 415 2250 Quae
442 2188 546 2234 ideo
573 2187 666 2250 plus
695 2186 856 2233 habent
876 2185 1068 2249 teporis,
1090 2184 1191 2248 quia
1218 2184 1354 2231 solem
1386 2185 1451 2232 bis
1469 2184 1567 2232 sen-

219 2293 223 2296 ·
284 2264 410 2308 tium.
437 2261 589 2308 Tertia
623 2259 748 2308 causa
774 2259 863 2318 est,
898 2259 1022 2323 quod
1048 2257 1182 2321 magis
1216 2256 1439 2320 superiora
1462 2273 1564 2318 per-

286 2333 459 2379 flantur.
490 2345 532 2378 at
553 2347 841 2395 quaecunque
871 2329 1064 2394 depressa
1091 2329 1216 2386 sunt,
1254 2331 1399 2376 minus
1424 2327 1566 2375 ventis

287 2407 589 2454 verberantur.
