<?xml version="1.0" encoding="UTF-8"?>
<!DOCTYPE html PUBLIC "-//W3C//DTD XHTML 1.0 Transitional//EN"
    "http://www.w3.org/TR/xhtml1/DTD/xhtml1-transitional.dtd">
<html xmlns="http://www.w3.org/1999/xhtml" xml:lang="en" lang="en">
 <head>
  <title>
</title>
<meta http-equiv="Content-Type" content="text/html;charset=utf-8" />
  <meta name='ocr-system' content='tesseract 3.04.00' />
  <meta name='ocr-capabilities' content='ocr_page ocr_carea ocr_par ocr_line ocrx_word'/>
</head>
<body>
  <div class='ocr_page' id='page_1' title='image "./lannaeisenecaeph04seneuoft_0146.png"; bbox 0 0 1730 2870; ppageno 0'>
   <div class='ocr_carea' id='block_1_1' title="bbox 238 124 1279 194">
    <p class='ocr_par' dir='ltr' id='par_1_1' title="bbox 238 124 1279 194">
     <span class='ocr_line' id='line_1_1' title="bbox 238 124 1279 194; baseline 0.006 -13"><span class='ocrx_word' id='word_1_1' title='bbox 238 149 327 194; x_wconf 81' lang='lat'>140</span> <span class='ocrx_word' id='word_1_2' title='bbox 469 124 541 183; x_wconf 51' lang='grc' dir='ltr'>ιφ</span> <span class='ocrx_word' id='word_1_3' title='bbox 575 136 871 183; x_wconf 68' lang='grc' dir='ltr'>ΑΝΝΑΕΙ</span> <span class='ocrx_word' id='word_1_4' title='bbox 921 137 1279 187; x_wconf 76' lang='lat' dir='ltr'><strong>SENECAE</strong></span> 
     </span>
    </p>
   </div>
   <div class='ocr_carea' id='block_1_2' title="bbox 226 244 1522 2493">
    <p class='ocr_par' dir='ltr' id='par_1_2' title="bbox 226 244 1522 2493">
     <span class='ocr_line' id='line_1_2' title="bbox 231 244 1519 308; baseline 0.009 -19"><span class='ocrx_word' id='word_1_5' title='bbox 231 255 445 291; x_wconf 79' lang='lat' dir='ltr'><strong>excutere.</strong></span> <span class='ocrx_word' id='word_1_6' title='bbox 476 244 752 308; x_wconf 85' lang='lat' dir='ltr'>prosequitur</span> <span class='ocrx_word' id='word_1_7' title='bbox 782 257 823 292; x_wconf 90' lang='lat' dir='ltr'>et</span> <span class='ocrx_word' id='word_1_8' title='bbox 845 246 998 305; x_wconf 86' lang='lat' dir='ltr'>durat,</span> <span class='ocrx_word' id='word_1_9' title='bbox 1030 259 1072 295; x_wconf 88' lang='lat' dir='ltr'>et</span> <span class='ocrx_word' id='word_1_10' title='bbox 1098 266 1150 296; x_wconf 81' lang='lat' dir='ltr'>ex</span> <span class='ocrx_word' id='word_1_11' title='bbox 1179 249 1412 298; x_wconf 80' lang='lat' dir='ltr'>intervallo</span> <span class='ocrx_word' id='word_1_12' title='bbox 1441 260 1519 300; x_wconf 60' lang='lat' dir='ltr'>re:-</span> 
     </span>
     <span class='ocr_line' id='line_1_3' title="bbox 232 317 1519 382; baseline 0.006 -18"><span class='ocrx_word' id='word_1_13' title='bbox 232 317 381 364; x_wconf 87' lang='lat' dir='ltr'>currit.</span> <span class='ocrx_word' id='word_1_14' title='bbox 403 318 507 363; x_wconf 89' lang='lat' dir='ltr'>Ideo</span> <span class='ocrx_word' id='word_1_15' title='bbox 537 318 803 364; x_wconf 81' lang='lat' dir='ltr'>claudendae</span> <span class='ocrx_word' id='word_1_16' title='bbox 826 318 924 366; x_wconf 89' lang='lat' dir='ltr'>sunt</span> <span class='ocrx_word' id='word_1_17' title='bbox 941 326 1064 367; x_wconf 82' lang='lat' dir='ltr'>aures</span> <span class='ocrx_word' id='word_1_18' title='bbox 1087 322 1208 370; x_wconf 86' lang='lat' dir='ltr'>malis</span> <span class='ocrx_word' id='word_1_19' title='bbox 1233 324 1419 371; x_wconf 87' lang='lat' dir='ltr'>vocibus</span> <span class='ocrx_word' id='word_1_20' title='bbox 1437 361 1451 382; x_wconf 91' lang='lat'><strong><em>,</em></strong></span> <span class='ocrx_word' id='word_1_21' title='bbox 1473 338 1519 373; x_wconf 91' lang='lat' dir='ltr'>et</span> 
     </span>
     <span class='ocr_line' id='line_1_4' title="bbox 229 389 1517 454; baseline 0.006 -20"><span class='ocrx_word' id='word_1_22' title='bbox 229 390 407 452; x_wconf 86' lang='lat' dir='ltr'>quidem</span> <span class='ocrx_word' id='word_1_23' title='bbox 442 389 605 451; x_wconf 88' lang='lat' dir='ltr'>primis.</span> <span class='ocrx_word' id='word_1_24' title='bbox 638 391 752 436; x_wconf 83' lang='lat' dir='ltr'>Nam</span> <span class='ocrx_word' id='word_1_25' title='bbox 772 408 871 437; x_wconf 87' lang='lat' dir='ltr'>cum</span> <span class='ocrx_word' id='word_1_26' title='bbox 899 391 1070 439; x_wconf 85' lang='lat' dir='ltr'>initium</span> <span class='ocrx_word' id='word_1_27' title='bbox 1101 393 1319 454; x_wconf 89' lang='lat' dir='ltr'>fecerunt,</span> <span class='ocrx_word' id='word_1_28' title='bbox 1353 395 1517 442; x_wconf 84' lang='lat' dir='ltr'>admis-</span> 
     </span>
     <span class='ocr_line' id='line_1_5' title="bbox 227 460 1517 530; baseline 0.007 -24"><span class='ocrx_word' id='word_1_29' title='bbox 227 461 386 522; x_wconf 80' lang='lat' dir='ltr'>saeque</span> <span class='ocrx_word' id='word_1_30' title='bbox 419 460 542 518; x_wconf 88' lang='lat' dir='ltr'>sunt,</span> <span class='ocrx_word' id='word_1_31' title='bbox 580 461 676 522; x_wconf 89' lang='lat' dir='ltr'>plus</span> <span class='ocrx_word' id='word_1_32' title='bbox 696 462 865 509; x_wconf 84' lang='lat' dir='ltr'>audent.</span> <span class='ocrx_word' id='word_1_33' title='bbox 909 463 1011 510; x_wconf 88' lang='lat' dir='ltr'>Inde</span> <span class='ocrx_word' id='word_1_34' title='bbox 1047 466 1100 511; x_wconf 91' lang='lat' dir='ltr'>ad</span> <span class='ocrx_word' id='word_1_35' title='bbox 1122 466 1225 514; x_wconf 87' lang='lat' dir='ltr'>haec</span> <span class='ocrx_word' id='word_1_36' title='bbox 1257 468 1517 530; x_wconf 86' lang='lat' dir='ltr'>pervenitur</span> 
     </span>
     <span class='ocr_line' id='line_1_6' title="bbox 229 533 1516 597; baseline 0.007 -18"><span class='ocrx_word' id='word_1_37' title='bbox 229 533 394 579; x_wconf 82' lang='lat' dir='ltr'>verba:</span> <span class='ocrx_word' id='word_1_38' title='bbox 418 533 568 579; x_wconf 80' lang='lat' dir='ltr'>Virtus</span> <span class='ocrx_word' id='word_1_39' title='bbox 598 548 640 579; x_wconf 85' lang='lat' dir='ltr'>et</span> <span class='ocrx_word' id='word_1_40' title='bbox 666 534 899 597; x_wconf 76' lang='lat' dir='ltr'>philosoph</span> <span class='ocrx_word' id='word_1_41' title='bbox 919 554 938 580; x_wconf 71' lang='lat' dir='ltr'>a</span> <span class='ocrx_word' id='word_1_42' title='bbox 954 569 966 591; x_wconf 94' lang='lat'>‚</span> <span class='ocrx_word' id='word_1_43' title='bbox 996 552 1038 583; x_wconf 91' lang='lat' dir='ltr'>et</span> <span class='ocrx_word' id='word_1_44' title='bbox 1065 537 1222 584; x_wconf 82' lang='lat' dir='ltr'>iusttia</span> <span class='ocrx_word' id='word_1_45' title='bbox 1239 575 1252 595; x_wconf 94' lang='lat'>,</span> <span class='ocrx_word' id='word_1_46' title='bbox 1272 541 1516 587; x_wconf 87' lang='lat' dir='ltr'>verborum</span> 
     </span>
     <span class='ocr_line' id='line_1_7' title="bbox 229 603 1514 668; baseline 0.008 -18"><span class='ocrx_word' id='word_1_47' title='bbox 229 603 425 651; x_wconf 80' lang='lat' dir='ltr'>inanium</span> <span class='ocrx_word' id='word_1_48' title='bbox 457 606 646 668; x_wconf 75' lang='lat' dir='ltr'>crepitus</span> <span class='ocrx_word' id='word_1_49' title='bbox 676 607 746 654; x_wconf 86' lang='lat' dir='ltr'>est.</span> <span class='ocrx_word' id='word_1_50' title='bbox 786 611 885 655; x_wconf 81' lang='lat' dir='ltr'>Una</span> <span class='ocrx_word' id='word_1_51' title='bbox 916 609 945 654; x_wconf 58' lang='lat' dir='ltr'>fv</span> <span class='ocrx_word' id='word_1_52' title='bbox 960 610 1098 657; x_wconf 75' lang='lat' dir='ltr'>licitas</span> <span class='ocrx_word' id='word_1_53' title='bbox 1132 610 1223 668; x_wconf 86' lang='lat' dir='ltr'>est,</span> <span class='ocrx_word' id='word_1_54' title='bbox 1250 612 1366 659; x_wconf 87' lang='lat' dir='ltr'>bona</span> <span class='ocrx_word' id='word_1_55' title='bbox 1394 614 1514 660; x_wconf 83' lang='lat' dir='ltr'>vita:</span> 
     </span>
     <span class='ocr_line' id='line_1_8' title="bbox 228 675 1512 741; baseline 0.009 -20"><span class='ocrx_word' id='word_1_56' title='bbox 228 675 372 722; x_wconf 75' lang='lat' dir='ltr'>facere</span> <span class='ocrx_word' id='word_1_57' title='bbox 397 678 548 722; x_wconf 86' lang='lat' dir='ltr'>omnia</span> <span class='ocrx_word' id='word_1_58' title='bbox 578 678 713 724; x_wconf 79' lang='lat' dir='ltr'>libere</span> <span class='ocrx_word' id='word_1_59' title='bbox 729 715 743 735; x_wconf 88' lang='lat'>,</span> <span class='ocrx_word' id='word_1_60' title='bbox 771 679 856 724; x_wconf 89' lang='lat' dir='ltr'>frui</span> <span class='ocrx_word' id='word_1_61' title='bbox 879 681 1164 741; x_wconf 41' lang='lat' dir='ltr'>patrimonio.</span> <span class='ocrx_word' id='word_1_62' title='bbox 1195 682 1281 729; x_wconf 91' lang='lat' dir='ltr'>hoc</span> <span class='ocrx_word' id='word_1_63' title='bbox 1302 684 1361 730; x_wconf 89' lang='lat' dir='ltr'>est</span> <span class='ocrx_word' id='word_1_64' title='bbox 1382 685 1512 732; x_wconf 86' lang='lat' dir='ltr'>vive-</span> 
     </span>
     <span class='ocr_line' id='line_1_9' title="bbox 230 750 1518 814; baseline 0.007 -20"><span class='ocrx_word' id='word_1_65' title='bbox 230 765 278 795; x_wconf 89' lang='lat' dir='ltr'>re</span> <span class='ocrx_word' id='word_1_66' title='bbox 294 782 306 805; x_wconf 87' lang='lat'>‚</span> <span class='ocrx_word' id='word_1_67' title='bbox 327 750 414 795; x_wconf 87' lang='lat' dir='ltr'>hoc</span> <span class='ocrx_word' id='word_1_68' title='bbox 435 750 495 796; x_wconf 87' lang='lat' dir='ltr'>est</span> <span class='ocrx_word' id='word_1_69' title='bbox 516 750 555 795; x_wconf 83' lang='lat' dir='ltr'>se</span> <span class='ocrx_word' id='word_1_70' title='bbox 575 752 802 797; x_wconf 79' lang='lat' dir='ltr'>mortalem</span> <span class='ocrx_word' id='word_1_71' title='bbox 829 752 914 798; x_wconf 74' lang='lat' dir='ltr'>ess&#39;e</span> <span class='ocrx_word' id='word_1_72' title='bbox 934 754 1188 800; x_wconf 72' lang='lat' dir='ltr'>meminisse.</span> <span class='ocrx_word' id='word_1_73' title='bbox 1226 755 1380 804; x_wconf 87' lang='lat' dir='ltr'>Fluunt</span> <span class='ocrx_word' id='word_1_74' title='bbox 1399 757 1487 803; x_wconf 87' lang='lat' dir='ltr'>dies</span> <span class='ocrx_word' id='word_1_75' title='bbox 1502 792 1518 814; x_wconf 90' lang='lat'>‚</span> 
     </span>
     <span class='ocr_line' id='line_1_10' title="bbox 226 823 1520 891; baseline 0.005 -21"><span class='ocrx_word' id='word_1_76' title='bbox 226 839 270 870; x_wconf 87' lang='lat' dir='ltr'>et</span> <span class='ocrx_word' id='word_1_77' title='bbox 296 824 581 885; x_wconf 84' lang='lat' dir='ltr'>irreparabilis</span> <span class='ocrx_word' id='word_1_78' title='bbox 608 823 698 870; x_wconf 76' lang='lat' dir='ltr'>vita</span> <span class='ocrx_word' id='word_1_79' title='bbox 720 825 924 872; x_wconf 82' lang='lat' dir='ltr'>decurrit.</span> <span class='ocrx_word' id='word_1_80' title='bbox 959 826 1226 874; x_wconf 76' lang='lat' dir='ltr'>Dubitamus</span> <span class='ocrx_word' id='word_1_81' title='bbox 1251 829 1374 891; x_wconf 87' lang='lat' dir='ltr'>quod</span> <span class='ocrx_word' id='word_1_82' title='bbox 1398 828 1520 877; x_wconf 77' lang='lat' dir='ltr'>iuvat</span> 
     </span>
     <span class='ocr_line' id='line_1_11' title="bbox 227 897 1520 964; baseline 0.005 -20"><span class='ocrx_word' id='word_1_83' title='bbox 227 897 379 959; x_wconf 82' lang='lat' dir='ltr'>sapere</span> <span class='ocrx_word' id='word_1_84' title='bbox 400 930 413 952; x_wconf 94' lang='lat'>,</span> <span class='ocrx_word' id='word_1_85' title='bbox 449 909 490 942; x_wconf 89' lang='lat' dir='ltr'>et</span> <span class='ocrx_word' id='word_1_86' title='bbox 529 898 655 944; x_wconf 83' lang='lat' dir='ltr'>aetati</span> <span class='ocrx_word' id='word_1_87' title='bbox 687 915 778 944; x_wconf 91' lang='lat' dir='ltr'>non</span> <span class='ocrx_word' id='word_1_88' title='bbox 810 899 978 961; x_wconf 81' lang='lat' dir='ltr'>semper</span> <span class='ocrx_word' id='word_1_89' title='bbox 1009 900 1257 962; x_wconf 86' lang='lat' dir='ltr'>voluptates</span> <span class='ocrx_word' id='word_1_90' title='bbox 1284 902 1520 964; x_wconf 87' lang='lat' dir='ltr'>decerptu-</span> 
     </span>
     <span class='ocr_line' id='line_1_12' title="bbox 229 969 1518 1035; baseline 0.004 -20"><span class='ocrx_word' id='word_1_91' title='bbox 229 987 323 1025; x_wconf 74' lang='lat' dir='ltr'>rae,</span> <span class='ocrx_word' id='word_1_92' title='bbox 358 969 532 1015; x_wconf 82' lang='lat' dir='ltr'>interim</span> <span class='ocrx_word' id='word_1_93' title='bbox 577 970 682 1015; x_wconf 88' lang='lat' dir='ltr'>dum</span> <span class='ocrx_word' id='word_1_94' title='bbox 719 971 889 1030; x_wconf 81' lang='lat' dir='ltr'>potest,</span> <span class='ocrx_word' id='word_1_95' title='bbox 927 971 1030 1016; x_wconf 87' lang='lat' dir='ltr'>dum</span> <span class='ocrx_word' id='word_1_96' title='bbox 1066 973 1241 1033; x_wconf 59' lang='lat' dir='ltr'>poscit,</span> <span class='ocrx_word' id='word_1_97' title='bbox 1284 972 1518 1035; x_wconf 79' lang='lat' dir='ltr'>ingerere?</span> 
     </span>
     <span class='ocr_line' id='line_1_13' title="bbox 231 1041 1522 1109; baseline 0.005 -23"><span class='ocrx_word' id='word_1_98' title='bbox 231 1043 355 1103; x_wconf 77' lang='lat' dir='ltr'>Quid</span> <span class='ocrx_word' id='word_1_99' title='bbox 378 1041 498 1088; x_wconf 78' lang='lat' dir='ltr'>iuvat</span> <span class='ocrx_word' id='word_1_100' title='bbox 518 1042 759 1104; x_wconf 76' lang='lat' dir='ltr'>frugalitate</span> <span class='ocrx_word' id='word_1_101' title='bbox 778 1043 896 1089; x_wconf 87' lang='lat' dir='ltr'>ultro</span> <span class='ocrx_word' id='word_1_102' title='bbox 926 1058 1114 1091; x_wconf 85' lang='lat' dir='ltr'>mortem</span> <span class='ocrx_word' id='word_1_103' title='bbox 1137 1063 1413 1109; x_wconf 85' lang='lat' dir='ltr'>praecurrere</span> <span class='ocrx_word' id='word_1_104' title='bbox 1429 1079 1443 1102; x_wconf 91' lang='lat'>‚</span> <span class='ocrx_word' id='word_1_105' title='bbox 1477 1060 1522 1094; x_wconf 84' lang='lat' dir='ltr'>et</span> 
     </span>
     <span class='ocr_line' id='line_1_14' title="bbox 230 1114 1521 1178; baseline 0.003 -16"><span class='ocrx_word' id='word_1_106' title='bbox 230 1116 448 1178; x_wconf 77' lang='lat' dir='ltr'>quidquid</span> <span class='ocrx_word' id='word_1_107' title='bbox 478 1115 547 1160; x_wconf 82' lang='lat' dir='ltr'>illa</span> <span class='ocrx_word' id='word_1_108' title='bbox 568 1115 758 1161; x_wconf 82' lang='lat' dir='ltr'>ablatura</span> <span class='ocrx_word' id='word_1_109' title='bbox 778 1114 837 1160; x_wconf 90' lang='lat' dir='ltr'>est</span> <span class='ocrx_word' id='word_1_110' title='bbox 855 1148 870 1170; x_wconf 86' lang='lat'>‚</span> <span class='ocrx_word' id='word_1_111' title='bbox 891 1116 976 1161; x_wconf 83' lang='lat' dir='ltr'>iam</span> <span class='ocrx_word' id='word_1_112' title='bbox 998 1116 1074 1162; x_wconf 82' lang='lat' dir='ltr'>fibi</span> <span class='ocrx_word' id='word_1_113' title='bbox 1095 1117 1353 1164; x_wconf 82' lang='lat' dir='ltr'>interdicere</span> <span class='ocrx_word' id='word_1_114' title='bbox 1371 1119 1388 1166; x_wconf 83' lang='lat'>?</span> <span class='ocrx_word' id='word_1_115' title='bbox 1414 1120 1521 1166; x_wconf 88' lang='lat' dir='ltr'>Non</span> 
     </span>
     <span class='ocr_line' id='line_1_15' title="bbox 228 1188 1520 1251; baseline 0.004 -17"><span class='ocrx_word' id='word_1_116' title='bbox 228 1188 413 1234; x_wconf 74' lang='lat' dir='ltr'>amicam</span> <span class='ocrx_word' id='word_1_117' title='bbox 449 1188 608 1242; x_wconf 82' lang='lat' dir='ltr'>habes,</span> <span class='ocrx_word' id='word_1_118' title='bbox 647 1204 737 1233; x_wconf 91' lang='lat' dir='ltr'>non</span> <span class='ocrx_word' id='word_1_119' title='bbox 771 1205 954 1249; x_wconf 85' lang='lat' dir='ltr'>puerum</span> <span class='ocrx_word' id='word_1_120' title='bbox 978 1224 990 1244; x_wconf 89' lang='lat'>‚</span> <span class='ocrx_word' id='word_1_121' title='bbox 1032 1189 1108 1251; x_wconf 86' lang='lat' dir='ltr'>qui</span> <span class='ocrx_word' id='word_1_122' title='bbox 1139 1190 1301 1235; x_wconf 85' lang='lat' dir='ltr'>amicae</span> <span class='ocrx_word' id='word_1_123' title='bbox 1339 1204 1520 1239; x_wconf 84' lang='lat' dir='ltr'>moveat</span> 
     </span>
     <span class='ocr_line' id='line_1_16' title="bbox 230 1259 1520 1324; baseline 0.001 -17"><span class='ocrx_word' id='word_1_124' title='bbox 230 1261 460 1307; x_wconf 80' lang='lat' dir='ltr'>invidiam.</span> <span class='ocrx_word' id='word_1_125' title='bbox 494 1260 690 1324; x_wconf 82' lang='lat' dir='ltr'>quotidie</span> <span class='ocrx_word' id='word_1_126' title='bbox 716 1259 883 1306; x_wconf 88' lang='lat' dir='ltr'>sobrius</span> <span class='ocrx_word' id='word_1_127' title='bbox 913 1261 1097 1323; x_wconf 88' lang='lat' dir='ltr'>prodis:</span> <span class='ocrx_word' id='word_1_128' title='bbox 1121 1261 1176 1307; x_wconf 86' lang='lat' dir='ltr'>fic</span> <span class='ocrx_word' id='word_1_129' title='bbox 1206 1277 1390 1318; x_wconf 86' lang='lat' dir='ltr'>coenas,</span> <span class='ocrx_word' id='word_1_130' title='bbox 1426 1275 1520 1308; x_wconf 77' lang='lat' dir='ltr'>tan-</span> 
     </span>
     <span class='ocr_line' id='line_1_17' title="bbox 228 1333 1522 1397; baseline 0.002 -18"><span class='ocrx_word' id='word_1_131' title='bbox 228 1352 360 1397; x_wconf 83' lang='lat' dir='ltr'>quam</span> <span class='ocrx_word' id='word_1_132' title='bbox 397 1333 722 1396; x_wconf 78' lang='lat' dir='ltr'>ephemeridem</span> <span class='ocrx_word' id='word_1_133' title='bbox 769 1335 880 1395; x_wconf 82' lang='lat' dir='ltr'>patri</span> <span class='ocrx_word' id='word_1_134' title='bbox 927 1334 1267 1396; x_wconf 74' lang='lat' dir='ltr'>approbaturus.</span> <span class='ocrx_word' id='word_1_135' title='bbox 1311 1337 1416 1381; x_wconf 85' lang='lat' dir='ltr'>Non</span> <span class='ocrx_word' id='word_1_136' title='bbox 1461 1335 1522 1382; x_wconf 88' lang='lat' dir='ltr'>est</span> 
     </span>
     <span class='ocr_line' id='line_1_18' title="bbox 227 1405 1522 1466; baseline 0.001 -14"><span class='ocrx_word' id='word_1_137' title='bbox 227 1405 341 1452; x_wconf 84' lang='lat' dir='ltr'>istud</span> <span class='ocrx_word' id='word_1_138' title='bbox 362 1405 540 1463; x_wconf 83' lang='lat' dir='ltr'>vivere,</span> <span class='ocrx_word' id='word_1_139' title='bbox 573 1405 644 1450; x_wconf 91' lang='lat' dir='ltr'>sed</span> <span class='ocrx_word' id='word_1_140' title='bbox 669 1405 830 1451; x_wconf 80' lang='lat' dir='ltr'>alienae</span> <span class='ocrx_word' id='word_1_141' title='bbox 856 1405 972 1451; x_wconf 86' lang='lat' dir='ltr'>vitae</span> <span class='ocrx_word' id='word_1_142' title='bbox 994 1405 1205 1452; x_wconf 76' lang='lat' dir='ltr'>interesse.</span> <span class='ocrx_word' id='word_1_143' title='bbox 1239 1408 1417 1466; x_wconf 81' lang='lat' dir='ltr'>Quanta</span> <span class='ocrx_word' id='word_1_144' title='bbox 1439 1408 1522 1453; x_wconf 80' lang='lat' dir='ltr'>de·-</span> 
     </span>
     <span class='ocr_line' id='line_1_19' title="bbox 228 1476 1521 1541; baseline 0.001 -16"><span class='ocrx_word' id='word_1_145' title='bbox 228 1478 392 1525; x_wconf 82' lang='lat' dir='ltr'>mentia</span> <span class='ocrx_word' id='word_1_146' title='bbox 429 1477 514 1535; x_wconf 86' lang='lat' dir='ltr'>est,</span> <span class='ocrx_word' id='word_1_147' title='bbox 564 1477 713 1526; x_wconf 84' lang='lat' dir='ltr'>heredi</span> <span class='ocrx_word' id='word_1_148' title='bbox 751 1476 829 1523; x_wconf 89' lang='lat' dir='ltr'>suo</span> <span class='ocrx_word' id='word_1_149' title='bbox 866 1494 1125 1539; x_wconf 84' lang='lat' dir='ltr'>procurare,</span> <span class='ocrx_word' id='word_1_150' title='bbox 1165 1490 1207 1524; x_wconf 89' lang='lat' dir='ltr'>et</span> <span class='ocrx_word' id='word_1_151' title='bbox 1244 1477 1322 1523; x_wconf 87' lang='lat' dir='ltr'>fibi</span> <span class='ocrx_word' id='word_1_152' title='bbox 1362 1495 1521 1541; x_wconf 84' lang='lat' dir='ltr'>negare</span> 
     </span>
     <span class='ocr_line' id='line_1_20' title="bbox 229 1550 1520 1614; baseline 0 -17"><span class='ocrx_word' id='word_1_153' title='bbox 229 1552 377 1597; x_wconf 83' lang='lat' dir='ltr'>omnia</span> <span class='ocrx_word' id='word_1_154' title='bbox 396 1586 409 1608; x_wconf 82' lang='lat'>‚</span> <span class='ocrx_word' id='word_1_155' title='bbox 428 1563 476 1597; x_wconf 91' lang='lat' dir='ltr'>ut</span> <span class='ocrx_word' id='word_1_156' title='bbox 494 1551 573 1597; x_wconf 86' lang='lat' dir='ltr'>tibi</span> <span class='ocrx_word' id='word_1_157' title='bbox 599 1568 652 1597; x_wconf 79' lang='lat' dir='ltr'>ex</span> <span class='ocrx_word' id='word_1_158' title='bbox 678 1550 824 1597; x_wconf 86' lang='lat' dir='ltr'>arnico</span> <span class='ocrx_word' id='word_1_159' title='bbox 849 1550 1074 1597; x_wconf 85' lang='lat' dir='ltr'>inimicum</span> <span class='ocrx_word' id='word_1_160' title='bbox 1108 1568 1263 1614; x_wconf 78' lang='lat' dir='ltr'>magna</span> <span class='ocrx_word' id='word_1_161' title='bbox 1294 1550 1424 1598; x_wconf 83' lang='lat' dir='ltr'>faciat</span> <span class='ocrx_word' id='word_1_162' title='bbox 1445 1553 1520 1598; x_wconf 88' lang='lat' dir='ltr'>he-</span> 
     </span>
     <span class='ocr_line' id='line_1_21' title="bbox 230 1624 1522 1687; baseline 0.001 -16"><span class='ocrx_word' id='word_1_163' title='bbox 230 1624 425 1672; x_wconf 79' lang='lat' dir='ltr'>reditas?</span> <span class='ocrx_word' id='word_1_164' title='bbox 457 1625 555 1670; x_wconf 85' lang='lat' dir='ltr'>Plus</span> <span class='ocrx_word' id='word_1_165' title='bbox 574 1624 690 1670; x_wconf 82' lang='lat' dir='ltr'>enim</span> <span class='ocrx_word' id='word_1_166' title='bbox 714 1624 916 1687; x_wconf 80' lang='lat' dir='ltr'>gaudebit</span> <span class='ocrx_word' id='word_1_167' title='bbox 936 1638 1009 1670; x_wconf 87' lang='lat' dir='ltr'>tua</span> <span class='ocrx_word' id='word_1_168' title='bbox 1028 1635 1171 1669; x_wconf 73' lang='lat' dir='ltr'>morte</span> <span class='ocrx_word' id='word_1_169' title='bbox 1187 1660 1198 1681; x_wconf 91' lang='lat'>,</span> <span class='ocrx_word' id='word_1_170' title='bbox 1226 1641 1316 1683; x_wconf 83' lang='lat' dir='ltr'>quo</span> <span class='ocrx_word' id='word_1_171' title='bbox 1337 1625 1431 1686; x_wconf 84' lang='lat' dir='ltr'>plus</span> <span class='ocrx_word' id='word_1_172' title='bbox 1451 1642 1522 1672; x_wconf 85' lang='lat' dir='ltr'>ac·</span> 
     </span>
     <span class='ocr_line' id='line_1_22' title="bbox 231 1696 1521 1762; baseline -0.002 -16"><span class='ocrx_word' id='word_1_173' title='bbox 231 1699 411 1762; x_wconf 82' lang='lat' dir='ltr'>ceperit.</span> <span class='ocrx_word' id='word_1_174' title='bbox 456 1697 563 1744; x_wconf 79' lang='lat' dir='ltr'>Istos</span> <span class='ocrx_word' id='word_1_175' title='bbox 602 1696 739 1743; x_wconf 80' lang='lat' dir='ltr'>tristes</span> <span class='ocrx_word' id='word_1_176' title='bbox 780 1710 822 1744; x_wconf 91' lang='lat' dir='ltr'>et</span> <span class='ocrx_word' id='word_1_177' title='bbox 856 1696 1160 1758; x_wconf 72' lang='lat' dir='ltr'>superciliosos</span> <span class='ocrx_word' id='word_1_178' title='bbox 1200 1697 1363 1744; x_wconf 76' lang='lat' dir='ltr'>alienae</span> <span class='ocrx_word' id='word_1_179' title='bbox 1403 1698 1521 1745; x_wconf 80' lang='lat' dir='ltr'>vitae</span> 
     </span>
     <span class='ocr_line' id='line_1_23' title="bbox 229 1769 1521 1833; baseline -0.001 -15"><span class='ocrx_word' id='word_1_180' title='bbox 229 1772 457 1828; x_wconf 83' lang='lat' dir='ltr'>censores,</span> <span class='ocrx_word' id='word_1_181' title='bbox 488 1770 585 1817; x_wconf 81' lang='lat' dir='ltr'>suae</span> <span class='ocrx_word' id='word_1_182' title='bbox 603 1771 766 1827; x_wconf 82' lang='lat' dir='ltr'>hostes,</span> <span class='ocrx_word' id='word_1_183' title='bbox 793 1769 994 1832; x_wconf 85' lang='lat' dir='ltr'>publicos</span> <span class='ocrx_word' id='word_1_184' title='bbox 1019 1771 1298 1833; x_wconf 76' lang='lat' dir='ltr'>paedagogos</span> <span class='ocrx_word' id='word_1_185' title='bbox 1316 1807 1328 1826; x_wconf 84' lang='lat'><strong>‚</strong></span> <span class='ocrx_word' id='word_1_186' title='bbox 1356 1771 1448 1817; x_wconf 78' lang='lat' dir='ltr'>assis</span> <span class='ocrx_word' id='word_1_187' title='bbox 1465 1788 1521 1818; x_wconf 87' lang='lat' dir='ltr'>ne</span> 
     </span>
     <span class='ocr_line' id='line_1_24' title="bbox 230 1843 1521 1906; baseline 0 -16"><span class='ocrx_word' id='word_1_188' title='bbox 230 1844 387 1892; x_wconf 78' lang='lat' dir='ltr'>feceris</span> <span class='ocrx_word' id='word_1_189' title='bbox 411 1862 420 1890; x_wconf 89' lang='lat'>:</span> <span class='ocrx_word' id='word_1_190' title='bbox 444 1861 524 1890; x_wconf 88' lang='lat' dir='ltr'>nec</span> <span class='ocrx_word' id='word_1_191' title='bbox 550 1843 838 1899; x_wconf 82' lang='lat' dir='ltr'>dubitaveris,</span> <span class='ocrx_word' id='word_1_192' title='bbox 862 1844 1027 1888; x_wconf 83' lang='lat' dir='ltr'>bonam</span> <span class='ocrx_word' id='word_1_193' title='bbox 1058 1845 1195 1889; x_wconf 81' lang='lat' dir='ltr'>vitam</span> <span class='ocrx_word' id='word_1_194' title='bbox 1214 1879 1227 1900; x_wconf 76' lang='lat'>‚</span> <span class='ocrx_word' id='word_1_195' title='bbox 1256 1862 1387 1906; x_wconf 79' lang='lat' dir='ltr'>quam</span> <span class='ocrx_word' id='word_1_196' title='bbox 1420 1845 1521 1906; x_wconf 87' lang='lat' dir='ltr'>opi-</span> 
     </span>
     <span class='ocr_line' id='line_1_25' title="bbox 229 1917 1520 1980; baseline -0.002 -15"><span class='ocrx_word' id='word_1_197' title='bbox 229 1920 412 1965; x_wconf 84' lang='lat' dir='ltr'>nionem</span> <span class='ocrx_word' id='word_1_198' title='bbox 435 1917 598 1963; x_wconf 79' lang='lat' dir='ltr'>bonam</span> <span class='ocrx_word' id='word_1_199' title='bbox 618 1952 628 1973; x_wconf 92' lang='lat'>‚</span> <span class='ocrx_word' id='word_1_200' title='bbox 651 1917 791 1963; x_wconf 78' lang='lat' dir='ltr'>malle.</span> <span class='ocrx_word' id='word_1_201' title='bbox 818 1918 910 1962; x_wconf 88' lang='lat' dir='ltr'>Hae</span> <span class='ocrx_word' id='word_1_202' title='bbox 934 1933 1070 1963; x_wconf 86' lang='lat' dir='ltr'>voces</span> <span class='ocrx_word' id='word_1_203' title='bbox 1090 1933 1179 1962; x_wconf 88' lang='lat' dir='ltr'>non</span> <span class='ocrx_word' id='word_1_204' title='bbox 1201 1918 1320 1962; x_wconf 84' lang='lat' dir='ltr'>aliter</span> <span class='ocrx_word' id='word_1_205' title='bbox 1346 1917 1520 1980; x_wconf 83' lang='lat' dir='ltr'>fugien-</span> 
     </span>
     <span class='ocr_line' id='line_1_26' title="bbox 232 1990 1522 2054; baseline -0.003 -14"><span class='ocrx_word' id='word_1_206' title='bbox 232 1994 314 2040; x_wconf 81' lang='lat' dir='ltr'>dae</span> <span class='ocrx_word' id='word_1_207' title='bbox 352 1993 476 2045; x_wconf 90' lang='lat' dir='ltr'>sunt,</span> <span class='ocrx_word' id='word_1_208' title='bbox 517 2007 647 2054; x_wconf 77' lang='lat' dir='ltr'>quarn</span> <span class='ocrx_word' id='word_1_209' title='bbox 685 1991 808 2047; x_wconf 89' lang='lat' dir='ltr'>illae,</span> <span class='ocrx_word' id='word_1_210' title='bbox 841 2007 949 2054; x_wconf 84' lang='lat' dir='ltr'>quas</span> <span class='ocrx_word' id='word_1_211' title='bbox 984 1992 1162 2054; x_wconf 78' lang='lat' dir='ltr'>Ulyffes</span> <span class='ocrx_word' id='word_1_212' title='bbox 1195 1991 1269 2036; x_wconf 79' lang='lat' dir='ltr'>nisi</span> <span class='ocrx_word' id='word_1_213' title='bbox 1305 1990 1522 2052; x_wconf 76' lang='lat' dir='ltr'>alligatus,</span> 
     </span>
     <span class='ocr_line' id='line_1_27' title="bbox 231 2064 1520 2130; baseline -0.002 -19"><span class='ocrx_word' id='word_1_214' title='bbox 231 2064 511 2130; x_wconf 86' lang='lat' dir='ltr'>praetervehi</span> <span class='ocrx_word' id='word_1_215' title='bbox 539 2064 691 2110; x_wconf 84' lang='lat' dir='ltr'>noluit.</span> <span class='ocrx_word' id='word_1_216' title='bbox 726 2066 845 2110; x_wconf 87' lang='lat' dir='ltr'>Idem</span> <span class='ocrx_word' id='word_1_217' title='bbox 879 2064 1052 2126; x_wconf 79' lang='lat' dir='ltr'>poffunt</span> <span class='ocrx_word' id='word_1_218' title='bbox 1083 2082 1093 2110; x_wconf 72' lang='grc' dir='ltr'><strong>ε</strong></span> <span class='ocrx_word' id='word_1_219' title='bbox 1129 2065 1351 2111; x_wconf 85' lang='lat' dir='ltr'>abducunt</span> <span class='ocrx_word' id='word_1_220' title='bbox 1379 2081 1401 2109; x_wconf 86' lang='lat' dir='ltr'>a</span> <span class='ocrx_word' id='word_1_221' title='bbox 1437 2080 1520 2126; x_wconf 84' lang='lat' dir='ltr'>pa-</span> 
     </span>
     <span class='ocr_line' id='line_1_28' title="bbox 229 2136 1520 2201; baseline -0.002 -16"><span class='ocrx_word' id='word_1_222' title='bbox 229 2138 341 2195; x_wconf 80' lang='lat' dir='ltr'>tria,</span> <span class='ocrx_word' id='word_1_223' title='bbox 369 2156 390 2184; x_wconf 84' lang='lat' dir='ltr'>a</span> <span class='ocrx_word' id='word_1_224' title='bbox 425 2137 701 2201; x_wconf 81' lang='lat' dir='ltr'>parentibus,</span> <span class='ocrx_word' id='word_1_225' title='bbox 737 2138 790 2183; x_wconf 81' lang='lat' dir='ltr'>ab</span> <span class='ocrx_word' id='word_1_226' title='bbox 824 2138 1004 2194; x_wconf 76' lang='lat' dir='ltr'>amicis,</span> <span class='ocrx_word' id='word_1_227' title='bbox 1034 2155 1057 2183; x_wconf 84' lang='lat' dir='ltr'>a</span> <span class='ocrx_word' id='word_1_228' title='bbox 1091 2136 1363 2191; x_wconf 88' lang='lat' dir='ltr'>virtutibus,</span> <span class='ocrx_word' id='word_1_229' title='bbox 1399 2152 1441 2182; x_wconf 90' lang='lat' dir='ltr'>et</span> <span class='ocrx_word' id='word_1_230' title='bbox 1474 2137 1520 2182; x_wconf 87' lang='lat' dir='ltr'>in</span> 
     </span>
     <span class='ocr_line' id='line_1_29' title="bbox 234 2210 1522 2274; baseline -0.002 -16"><span class='ocrx_word' id='word_1_231' title='bbox 234 2224 405 2274; x_wconf 83' lang='lat' dir='ltr'>turpem</span> <span class='ocrx_word' id='word_1_232' title='bbox 428 2212 562 2258; x_wconf 84' lang='lat' dir='ltr'>vitam</span> <span class='ocrx_word' id='word_1_233' title='bbox 584 2210 765 2256; x_wconf 74' lang='lat' dir='ltr'>miseros</span> <span class='ocrx_word' id='word_1_234' title='bbox 786 2211 952 2273; x_wconf 79' lang='lat' dir='ltr'>turpius</span> <span class='ocrx_word' id='word_1_235' title='bbox 972 2211 1157 2256; x_wconf 79' lang='lat' dir='ltr'>illidunt.</span> <span class='ocrx_word' id='word_1_236' title='bbox 1189 2212 1370 2270; x_wconf 79' lang='lat' dir='ltr'>Quanto</span> <span class='ocrx_word' id='word_1_237' title='bbox 1392 2210 1522 2256; x_wconf 83' lang='lat' dir='ltr'>satius</span> 
     </span>
     <span class='ocr_line' id='line_1_30' title="bbox 233 2283 1518 2345; baseline -0.003 -14"><span class='ocrx_word' id='word_1_238' title='bbox 233 2285 325 2341; x_wconf 83' lang='lat' dir='ltr'>est,</span> <span class='ocrx_word' id='word_1_239' title='bbox 350 2287 512 2331; x_wconf 52' lang='lat' dir='ltr'>rectum</span> <span class='ocrx_word' id='word_1_240' title='bbox 543 2284 662 2345; x_wconf 82' lang='lat' dir='ltr'>sequi</span> <span class='ocrx_word' id='word_1_241' title='bbox 695 2284 904 2338; x_wconf 59' lang='lat' dir='ltr'>limitem,</span> <span class='ocrx_word' id='word_1_242' title='bbox 933 2296 975 2330; x_wconf 91' lang='lat' dir='ltr'>et</span> <span class='ocrx_word' id='word_1_243' title='bbox 1011 2301 1067 2330; x_wconf 87' lang='lat' dir='ltr'>eo</span> <span class='ocrx_word' id='word_1_244' title='bbox 1097 2283 1138 2329; x_wconf 91' lang='lat' dir='ltr'>se</span> <span class='ocrx_word' id='word_1_245' title='bbox 1171 2285 1434 2344; x_wconf 87' lang='lat' dir='ltr'>perducere,</span> <span class='ocrx_word' id='word_1_246' title='bbox 1470 2297 1518 2328; x_wconf 75' lang='lat' dir='ltr'>ut</span> 
     </span>
     <span class='ocr_line' id='line_1_31' title="bbox 231 2354 1518 2420; baseline -0.002 -18"><span class='ocrx_word' id='word_1_247' title='bbox 231 2376 281 2404; x_wconf 71' lang='lat' dir='ltr'>en</span> <span class='ocrx_word' id='word_1_248' title='bbox 313 2358 488 2402; x_wconf 77' lang='lat' dir='ltr'>demum</span> <span class='ocrx_word' id='word_1_249' title='bbox 523 2357 603 2402; x_wconf 62' lang='lat' dir='ltr'>sint</span> <span class='ocrx_word' id='word_1_250' title='bbox 631 2356 708 2402; x_wconf 85' lang='lat' dir='ltr'>tibi</span> <span class='ocrx_word' id='word_1_251' title='bbox 740 2355 958 2412; x_wconf 83' lang='lat' dir='ltr'>iucunda,</span> <span class='ocrx_word' id='word_1_252' title='bbox 988 2373 1098 2420; x_wconf 78' lang='lat' dir='ltr'>quae</span> <span class='ocrx_word' id='word_1_253' title='bbox 1129 2355 1343 2401; x_wconf 78' lang='lat' dir='ltr'>honesta?</span> <span class='ocrx_word' id='word_1_254' title='bbox 1380 2354 1518 2413; x_wconf 85' lang='lat' dir='ltr'>Quod</span> 
     </span>
     <span class='ocr_line' id='line_1_32' title="bbox 232 2428 1516 2493; baseline -0.002 -17"><span class='ocrx_word' id='word_1_255' title='bbox 232 2429 394 2493; x_wconf 69' lang='lat' dir='ltr'>assequi</span> <span class='ocrx_word' id='word_1_256' title='bbox 416 2429 685 2491; x_wconf 75' lang='lat' dir='ltr'>poterimus,</span> <span class='ocrx_word' id='word_1_257' title='bbox 715 2429 746 2476; x_wconf 82' lang='lat' dir='ltr'><strong>fi</strong></span> <span class='ocrx_word' id='word_1_258' title='bbox 774 2428 1009 2477; x_wconf 72' lang='lat' dir='ltr'>fecerimus</span> <span class='ocrx_word' id='word_1_259' title='bbox 1040 2430 1129 2476; x_wconf 91' lang='lat' dir='ltr'>duo</span> <span class='ocrx_word' id='word_1_260' title='bbox 1149 2428 1231 2476; x_wconf 80' lang='lat' dir='ltr'>effe</span> <span class='ocrx_word' id='word_1_261' title='bbox 1260 2444 1418 2492; x_wconf 82' lang='lat' dir='ltr'>genera</span> <span class='ocrx_word' id='word_1_262' title='bbox 1446 2443 1516 2474; x_wconf 82' lang='lat' dir='ltr'>re-</span> 
     </span>
    </p>
   </div>
   <div class='ocr_carea' id='block_1_3' title="bbox 1719 1366 1730 1532">
    <p class='ocr_par' dir='ltr' id='par_1_3' title="bbox 1719 1366 1730 1532">
     <span class='ocr_line' id='line_1_33' title="bbox 1719 1366 1730 1532; textangle 90"><span class='ocrx_word' id='word_1_263' title='bbox 1726 1527 1730 1532; x_wconf 64' lang='grc'><em>.</em></span> <span class='ocrx_word' id='word_1_264' title='bbox 1727 1495 1730 1510; x_wconf 36' lang='grc' dir='ltr'>Α.</span> <span class='ocrx_word' id='word_1_265' title='bbox 1728 1480 1730 1487; x_wconf 90' lang='grc'><em>.</em></span> <span class='ocrx_word' id='word_1_266' title='bbox 1719 1366 1730 1463; x_wconf 40' lang='grc' dir='ltr'>φ-ῐ-ωκψ.</span> 
     </span>
    </p>
   </div>
  </div>
 </body>
</html>
