1730 2870
371 112 628 165 NATUR.
674 101 979 182 QUAEST.
1027 116 1150 160 ιιΒ.
1179 117 1246 160 111.
1350 133 1439 181 259

167 223 358 287 undique
385 221 595 269 inferiora
624 219 733 268 sunt.
765 221 848 267 Sed
879 220 966 268 istis
991 222 1101 268 adeo
1127 221 1173 268 in
1203 223 1441 270 rotundum

169 298 289 343 orbis
307 308 514 358 aequatus
538 293 598 340 est
611 329 624 352 ,
647 294 691 339 in
709 291 828 356 parte
846 308 991 342 autem
1010 295 1099 342 eius
1119 310 1162 343 et
1179 297 1314 343 maria
1330 297 1443 353 sunt,

167 385 280 432 quae
303 368 349 414 in
368 366 495 413 unius
513 367 813 429 aequalitatem
845 369 958 431 pilae
975 369 1151 416 co'e'unt.
1180 370 1264 416 Sed
1282 387 1442 433 quem·-

166 437 404 486 admOdum
427 454 611 500 campos
637 439 874 486 intuentem
892 474 905 497 ‚
923 457 1034 503 quae
1054 441 1256 502 paulatim
1277 442 1441 489 devexa

166 514 260 560 sunt
274 545 289 568 ,
319 511 472 558 fallunt
492 529 503 557 ε
523 511 581 558 fic
608 528 697 558 non
719 512 999 575 intelligimus
1016 524 1267 561 curvaturas
1285 514 1442 571 maris,

167 598 210 630 et
228 583 403 631 videtur
422 583 596 645 planum
618 583 830 645 quidquid
851 597 1044 646 apparet.
1075 601 1117 630 at
1140 585 1247 630 illud
1264 586 1442 648 aequale

166 654 289 700 terris
314 653 389 700 est.
412 654 606 716 Ideoque
625 665 673 699 ut
690 653 858 711 effluat,
875 668 965 699 non
985 670 1139 717 magua
1159 655 1274 701 mole
1295 657 1335 703 se
1354 656 1442 703 tol-

165 727 252 773 let:
281 727 387 773 dum
409 725 506 773 satis
526 726 587 773 est
611 726 671 771 illi
686 761 699 784 ,
721 738 768 771 ut
794 726 918 789 supra
938 726 1054 789 paria
1081 728 1256 786 veniat,
1284 728 1442 776 leviter

167 799 396 862 exsurgere
417 816 428 844 ε
450 815 531 844 nec
550 816 573 844 a
594 798 720 844 litore
739 798 815 843 ubi
834 797 1013 845 inferius
1033 797 1118 854 est,
1137 798 1208 844 sed
1225 817 1248 845 a
1266 800 1440 856 medio,

165 873 240 919 ubi
259 873 326 918 ille
346 872 542 918 cumulus
560 871 646 928 est,
675 871 843 917 defluit*
873 873 991 935 Ergo
1015 883 1063 918 ut
1082 871 1190 918 solet
1218 872 1352 920 aestus
1371 891 1441 922 ae-

167 945 470 1007 quinoffialis,
496 944 572 990 sub
595 945 734 1007 ipsum
761 946 886 991 lunae
916 946 1097 1025 solisque
1115 946 1308 1004 coitum,
1337 965 1441 994 om-

168 1018 291 1064 nibus
312 1017 404 1063 aliis
434 1017 576 1077 maior
604 1017 798 1064 undare:
824 1017 881 1064 fic
900 1018 972 1064 hic
997 1019 1070 1081 qui
1088 1019 1142 1064 ad
1166 1020 1442 1082 occupandas

167 1104 302 1136 terras
329 1088 540 1145 mittitur,
574 1088 707 1137 solitis
737 1091 1022 1155 maximisque
1053 1091 1316 1149 violentior,
1346 1093 1441 1155 plus

167 1179 376 1226 aquarum
405 1161 570 1209 trahit:
596 1179 677 1209 nec
707 1180 940 1227 antequam
970 1164 1095 1226 supra
1121 1166 1344 1212 cacumina
1363 1183 1442 1213 eo-

167 1251 288 1292 rum,
319 1249 433 1296 quos
458 1231 705 1294 perfusurus
731 1235 816 1293 est,
842 1235 1061 1282 montium
1088 1236 1252 1294 crevit,
1284 1237 1443 1284 devol-

167 1306 298 1354 vitur.
323 1307 406 1351 Per
431 1316 612 1351 centena
641 1305 775 1351 millia
791 1305 1049 1368 quibusdam
1078 1306 1190 1354 locis
1213 1308 1348 1356 aestus
1364 1327 1443 1357 ex-

169 1377 300 1424 currit
331 1375 569 1432 innoxius,
608 1389 652 1423 et
681 1376 880 1422 ordinem
912 1377 1063 1424 servat.
1094 1379 1166 1424 Ad
1197 1379 1442 1428 mensuram

168 1449 239 1496 eni
243 1467 284 1495 m
314 1448 496 1502 crescit,
524 1447 772 1512 iterumque
805 1449 1028 1496 decrescit.
1059 1454 1114 1496 At
1139 1451 1215 1497 illo
1242 1465 1444 1515 tempore

169 1519 332 1566 solutus
353 1519 546 1583 legibus,
579 1519 666 1565 fine
695 1520 836 1566 modo
857 1520 1004 1567 fertur.
1034 1524 1135 1581 Qua
1154 1523 1261 1568 ratic
1270 1541 1323 1570 ie
1340 1525 1444 1581 ‚in-

153 1593 292 1653 quis?
318 1593 478 1638 Eadem
497 1624 511 1650 ‚
527 1608 612 1654 qua
629 1591 916 1655 conflagratio
940 1592 1081 1638 futura
1102 1594 1175 1640 est.
1196 1598 1305 1641 Utri*
1282 1614 1444 1658 umque

169 1654 246 1723 fit,
279 1682 378 1712 cum
409 1665 513 1712 Deo
546 1664 684 1711 visum
725 1665 860 1712 ordiri
895 1665 1098 1722 meliora,
1129 1680 1278 1714 vetera
1312 1668 1446 1719 finiri.

169 1740 300 1800 Aqua
325 1749 368 1784 et
391 1738 500 1800 ignis
520 1737 698 1784 terrenis
722 1738 1014 1784 dominantur.
1044 1741 1109 1784 Ex
1127 1740 1191 1786 his
1220 1752 1370 1798 ortus,
1399 1754 1444 1790 et

169 1825 224 1856 ex
244 1810 343 1856 his
333 1810 528 1857 interitus
544 1810 618 1857 est.
638 1813 758 1874 Ergo
780 1811 1046 1874 quandoque
1062 1811 1260 1872 placuere
1278 1831 1344 1861 res
1360 1831 1445 1861 no-

169 1899 252 1928 vae
282 1883 481 1941 mund0‚
508 1883 594 1930 fic
583 1900 628 1930 m
661 1901 742 1930 nos
774 1900 890 1930 mare
918 1883 1132 1930 emittitur
1161 1886 1372 1949 desupei,
1397 1900 1445 1934 ut

170 1956 363 2004 fervor
351 1957 489 2019 ignis,
510 1974 611 2004 cum
634 1958 750 2004 aliud
778 1975 911 2022 genus
937 1957 1055 2004 exitii
1077 1959 1253 2021 placuit.

235 2029 411 2075 XXIX.
441 2029 635 2089 Quidam
665 2029 908 2076 existimant
932 2043 1090 2076 terram
1126 2048 1306 2095 quoque
1336 2051 1445 2081 con-

120 2162 122 2165 v
172 2103 285 2161 cuti,
310 2114 353 2149 et
371 2102 546 2164 dirupto
566 2103 662 2150 solo
681 2119 800 2152 nova
819 2103 1050 2150 fluminum
1068 2105 1204 2166 capita
1227 2108 1450 2172 detegere,-

169 2192 283 2237 quae
310 2175 491 2238 amplius
521 2187 569 2222 ut
600 2193 624 2222 e
652 2176 782 2238 pleno
815 2176 1098 2239 profundant.
1132 2179 1338 2237 Berosus9
1368 2184 1446 2245 qui

173 2247 325 2293 Belum
353 2247 654 2309 interpretatus
674 2247 760 2304 est,
786 2250 843 2294 ait
873 2248 998 2295 cursu
1019 2249 1093 2294 ista
1112 2248 1293 2297 siderum
1321 2252 1445 2301 fieri:

172 2333 218 2364 et
236 2318 348 2365 adeo
366 2318 548 2382 quidem
567 2320 612 2366 id
630 2319 839 2377 affirmat,
864 2334 912 2367 ut
931 2320 1267 2385 conflagrationi
1280 2359 1294 2382 ‚
1313 2342 1446 2388 ‚atque

173 2389 345 2440 diluvio
361 2426 376 2450 ‚
400 2402 572 2455 tempus
595 2391 802 2456 affignet:
826 2392 970 2441 arsura
994 2394 1112 2441 enim
1142 2407 1314 2444 terrena
1331 2414 1445 2457 con:

1110 2467 1215 2516 ΗΞ,
