1730 2870
361 96 628 143 NATuR.
661 98 959 157 QUAEST.
1007 101 1126 145 Llss.
1165 68 1260 147 vn.
1365 119 1448 167 371

172 202 281 267 quid
317 203 618 267 impudenter,
659 219 733 250 aut
768 205 1017 268 ignorantes
1049 205 1315 255 affirmemus
1333 245 1347 265 ,
1383 226 1455 258 aut

174 277 352 324 scientes
384 277 674 324 mentiamur?
708 279 803 324 Nec
834 279 1044 326 miremur
1064 292 1152 326 tam
1186 281 1306 328 tarde
1328 283 1456 338 erui,

171 366 284 412 quae
302 362 388 395 tam
408 351 492 396 alte
514 350 669 398 iacent.
698 353 905 398 Panaetio
921 389 934 410 ‚
963 364 1007 399 et
1023 352 1089 400 his
1110 354 1188 417 qui
1206 353 1345 402 videri
1365 371 1457 403 vo-

171 422 295 479 lunt,
321 423 541 469 Cometen
570 440 661 469 non
689 423 773 470 effe
807 424 1079 471 ordinarium
1111 426 1246 483 fidus,
1280 427 1352 475 sed
1375 427 1456 475 fal-

170 493 257 539 sam
305 494 449 541 stderis
487 494 642 541 faciem
674 528 688 551 ‚
739 496 969 560 diligenter
1002 499 1226 545 tractatum
1261 500 1321 547 est
1347 537 1361 560 ‚
1400 517 1457 550 an

172 583 309 630 aeque
329 568 474 614 omnis
492 585 586 631 pars
604 569 704 614 anni
721 570 897 616 edendis
919 570 1118 617 Cometis
1139 570 1235 618 satis
1253 561 1360 635 'apta
1378 573 1456 622 fit:

171 655 224 684 an
246 642 390 687 omnis
409 643 520 687 coeli
540 642 662 706 regio
679 643 840 689 idonea
859 643 900 688 in
919 660 1004 706 qua
1024 657 1222 691 creentur
1240 663 1250 691 :
1278 663 1331 691 an
1349 658 1459 711 qua-³

168 728 341 777 cunque
360 715 421 760 ire
435 750 447 771 ‚
464 715 522 762 ibi
543 716 670 761 etiam
693 715 867 778 concipi
883 715 1065 778 poffint:
1086 729 1131 762 et
1151 733 1292 765 cetera
1310 752 1323 777 ,
1342 736 1455 785 quae

171 786 374 832 universa
392 788 629 845 tolluntur,
650 805 748 833 cum
771 788 871 834 dico
891 787 986 834 illos
1018 789 1224 836 fortuitos
1249 807 1340 837 non
1367 793 1456 841 effe

168 856 290 919 ignes
305 895 317 914 ‚
335 861 402 906 sed
415 862 603 907 intextos
616 862 808 917 mundo,
833 877 946 923 quos
963 878 1053 908 non
1075 861 1323 926 frequenter
1340 866 1456 912 edu-

169 931 230 976 cit
251 967 264 989 ‚
293 932 364 978 scd
385 933 429 979 in
459 935 638 979 occulto
661 947 824 979 movet.
846 935 992 992 Quam
1022 934 1156 979 multa
1185 947 1351 997 praeter
1371 936 1455 1000 hos

169 1019 246 1065 per
274 1004 484 1051 secretum
505 1021 630 1059 eunt,
654 1022 874 1068 nunquam
901 1007 1101 1057 humanis
1130 1008 1269 1054 oculis
1300 1009 1453 1057 orien-

168 1076 259 1122 tia?
289 1076 445 1140 Neque
479 1079 594 1124 enini
616 1080 765 1124 omnia
797 1081 919 1125 Deus
948 1079 1119 1126 homini
1150 1079 1268 1127 fecit.
1299 1083 1453 1141 Quota

166 1165 265 1210 pars
286 1150 432 1211 operis
448 1150 555 1196 tanti
574 1151 700 1197 nobis
720 1151 1046 1197 committitur?
1073 1152 1164 1214 Ipse
1184 1152 1322 1215 quiea
1340 1169 1454 1201 trac-

166 1231 227 1266 tat
241 1255 253 1274 ,
274 1222 348 1283 qui
369 1223 568 1269 condidit
587 1260 599 1281 ,
619 1224 694 1286 qui
714 1236 856 1269 totum
877 1224 963 1268 hoc
990 1222 1194 1271 fundavit
1209 1260 1222 1282 ,
1241 1224 1454 1289 deditque

167 1292 281 1339 circa
300 1294 366 1350 se,
387 1295 613 1358 maiorque
631 1295 691 1342 est
711 1312 808 1358 pars
827 1295 971 1356 operis
994 1294 1051 1341 sui
1067 1331 1080 1352 ,
1105 1312 1155 1342 ac
1177 1295 1335 1344 melior
1352 1333 1367 1357 ‚
1383 1298 1455 1353 ef-=⁴

165 1365 277 1429 fugit
299 1369 454 1414 oculos
470 1404 482 1425 ‚
503 1368 771 1431 cogitatione
790 1366 992 1413 visendus
1011 1364 1086 1413 est.

218 1439 393 1484 XXXI.
413 1441 547 1485 Multa
567 1451 784 1501 praeterea
802 1451 982 1500 cognata
1003 1433 1173 1484 nursini
1194 1440 1387 1501 summo,
1407 1455 1451 1491 et

165 1511 355 1557 vicinam
371 1511 517 1558 sortita
536 1511 775 1574 potentiam
790 1547 801 1566 ‚
813 1509 996 1556 obscura
1017 1510 1123 1556 sunt.
1142 1515 1229 1558 Aut
1243 1511 1420 1561 fortasse
1432 1550 1449 1574 ‚

161 1584 284 1646 quod
309 1583 442 1645 magis
464 1583 657 1640 mit-cris,
675 1583 829 1628 oculos
849 1582 1019 1628 nostros
1048 1595 1090 1628 et
1119 1583 1302 1645 implent
1321 1598 1364 1632 et
1383 1587 1449 1634 ef*

165 1654 332 1717 fugiunt
354 1672 364 1699 z
388 1657 474 1699 sive
495 1655 575 1700 illis
593 1668 708 1700 tanta
733 1653 937 1700 subtilitas
956 1653 1042 1709 est,
1068 1669 1273 1716 quantam
1295 1661 1449 1707 conse-

164 1727 240 1790 qui
259 1727 370 1772 acies
388 1727 572 1772 humana
594 1743 680 1772 non
704 1725 832 1794 poffit
848 1743 858 1770 z
877 1727 967 1771 sive
986 1726 1029 1771 in
1053 1725 1264 1773 sanctiore
1286 1732 1446 1779 set-effu

164 1800 358 1847 maiestas
386 1813 502 1845 tanta
521 1801 688 1845 delituit
703 1834 714 1855 ‚
745 1811 787 1845 et
807 1815 989 1862 regnum
1021 1801 1140 1846 suum
1159 1835 1172 1857 ‚
1197 1801 1241 1846 id
1259 1802 1346 1858 est,
1365 1806 1408 1850 se
1429 1840 1449 1863 ,

165 1872 302 1934 regit,
323 1890 402 1919 nec
422 1873 491 1917 ulli
514 1873 675 1917 aditum
699 1873 792 1928 (lat,
820 1871 895 1916 nili
924 1872 1087 1917 animo.
1116 1872 1240 1932 Quid
1255 1875 1304 1920 fit
1324 1876 1410 1923 hoc
1429 1908 1447 1932 ‚

166 1943 253 1990 fine
278 1961 368 2007 quo
387 1943 444 1989 nil
476 1945 555 2000 est,
577 1947 682 1991 scire
705 1961 792 1990 non
813 1945 1037 2006 possumus
1056 1962 1125 1991 zet
1147 1947 1354 1994 miramur
1373 1985 1385 2006 ‚
1415 1949 1446 1996 fi

164 2033 276 2080 quos
307 2017 519 2080 igniculos
549 2034 699 2079 parum
738 2016 975 2074 novimus,
996 2035 1097 2063 cum
1123 2019 1311 2064 maxima
1347 2038 1448 2082 pars

162 2090 317 2135 mundi
339 2092 461 2136 Dens
482 2093 603 2135 lateat
624 2090 640 2135 ?
664 2092 810 2149 Quam
833 2091 965 2135 multa
1001 2089 1198 2136 animalia
1236 2091 1323 2138 hoc
1356 2095 1444 2154 pri-

163 2178 285 2208 mum
316 2161 607 2224 cognovimus
640 2165 782 2207 teculo
804 2160 821 2207 ?
842 2163 1079 2224 etquidem
1100 2163 1232 2208 multa
1263 2167 1443 2212 venien-

162 2234 216 2281 tis
234 2234 332 2279 aevi
358 2234 544 2296 populus
562 2234 708 2296 ignota
729 2233 855 2279 nobis
873 2234 984 2280 sciet.
1007 2235 1144 2279 Multa
1171 2236 1323 2282 seculis
1339 2251 1444 2285 tunc

162 2306 338 2362 futuris,
360 2322 458 2352 cum
477 2306 688 2351 memoria
711 2304 843 2350 nostri
864 2304 1134 2359 exoleverit,
1158 2307 1441 2357 reservantur*

161 2377 313 2429 Pufilla
331 2394 398 2425 res
415 2379 602 2426 mundus
620 2377 680 2425 est
693 2412 707 2436 ,
731 2375 808 2424 nisi
834 2376 881 2423 in
900 2376 977 2423 illo
998 2378 1120 2440 quod
1144 2391 1321 2440 quaerat
1339 2396 1441 2429 om-

1036 2456 1074 2497 A
1091 2466 1114 2497 a
1154 2469 1178 2498 2,
