1730 2870
399 105 660 153 NATUR.
710 105 1012 166 QUAEST.
1064 105 1268 153 LIB.11.
1388 123 1476 170 197

193 213 396 261 sententia
428 213 520 260 talis
552 212 612 258 est
645 229 656 256 :
686 214 815 260 Duae
844 214 998 260 mundi
1033 225 1174 276 partes
1208 213 1254 260 in
1286 213 1379 261 imo
1411 214 1474 260 ia-

195 299 319 341 cent,
349 296 460 330 terra
491 298 533 329 et
563 300 672 346 aqua
700 301 711 329 1
744 299 924 347 utraque
951 303 1005 332 ex
1041 286 1082 332 se
1119 285 1263 332 reddit
1297 285 1474 349 aliquid.

195 360 414 404 Terrenus
432 372 574 418 vapor
594 357 729 404 siccus
749 357 836 413 est,
855 369 898 404 et
923 358 1047 403 fumo
1072 356 1218 404 similis
1233 392 1246 414 ‚
1265 357 1339 420 qui
1360 373 1474 404 ven-

194 444 263 479 tos
281 467 294 487 ‚
323 430 515 476 tonitrua
530 466 543 487 ‚
563 443 604 476 et
628 431 811 478 fulmina
831 431 934 478 facit
957 450 967 478 :
988 448 1196 495 aquarum
1217 432 1370 478 halitus
1391 431 1474 478 hu-

193 503 335 551 midus
362 501 450 558 est,
485 513 527 547 et
553 502 712 548 imbres
742 517 787 550 et
819 503 942 549 nives
973 514 1102 548 creat.
1132 502 1216 549 Sed
1246 503 1380 550 ficcus
1402 502 1472 549 ille

191 587 399 621 terrarum
433 591 603 637 vapor,
639 576 754 620 unde
784 574 924 621 ventis
954 573 1086 636 origo
1119 576 1210 630 est,
1235 576 1335 637 quia
1367 591 1473 621 coa-

190 663 389 695 cervatus
407 648 493 705 est,
521 665 621 694 cum
644 649 764 695 coitu
796 648 978 694 nubium
1002 648 1288 695 vehementer
1307 649 1473 711 impac-

188 735 328 769 tarum
358 741 380 769 a
411 725 544 771 latere
570 725 743 771 eliditur
766 743 776 770 ε
802 724 988 778 deinde,
1023 724 1098 769 ubi
1118 723 1242 770 latius
1269 723 1369 770 ferit
1388 741 1474 771 nu-

190 796 265 842 bes
291 797 537 857 proximas,
568 797 691 860 plaga
723 810 765 843 et
795 814 893 842 cum
920 797 1030 842 sono
1062 796 1304 854 incutitur,
1334 797 1473 859 qualis

187 869 230 914 in
252 869 406 917 nostris
430 870 599 933 ignibus
618 870 840 925 redditur,
871 886 970 916 cum
992 869 1170 915 flamma
1196 869 1307 916 vitio
1327 869 1471 932 ligno-

187 959 281 987 rum
308 943 543 988 virentium
576 956 734 1004 crepat.
768 946 820 988 Et
841 955 886 988 ut
912 943 981 988 ille
1008 942 1178 1004 spiritus
1199 943 1360 989 habens
1387 943 1468 988 ali-

186 1015 292 1076 quid
317 1016 486 1062 humidi
506 1016 647 1063 secum
665 1052 677 1070 ‚
707 1034 808 1062 cum
829 1017 888 1063 est
915 1016 1230 1078 conglobatus,
1254 1016 1471 1080 rumpitur

186 1086 388 1133 flamma:
418 1089 577 1134 eodem
595 1089 735 1134 modo
756 1087 1038 1150 spiritusille,
1065 1106 1195 1150 que-m
1218 1090 1345 1150 paulo
1370 1104 1470 1137 ante

184 1158 368 1220 exprimi
400 1159 556 1205 coliifis
592 1160 780 1206 nubibus
812 1150 933 1216 ἀὺίί,Ἰ
971 1159 1185 1222 impaetus
1222 1160 1344 1215 aliis,
1387 1179 1467 1208 nec

182 1231 329 1294 rumpi
362 1249 442 1278 nec
473 1233 636 1279 exsilire
667 1233 835 1279 silentio
866 1232 1022 1295 potest.
1058 1232 1291 1279 Diffimilis
1321 1249 1465 1282 autem

181 1305 368 1366 crepitus
401 1303 478 1359 fit,
520 1308 581 1351 ob
618 1305 865 1350 diffimiiem
910 1305 1221 1367 impaffionem
1265 1307 1465 1355 nubium.

182 1378 332 1435 Quare
360 1375 464 1422 aliae
496 1369 708 1423 maiorem
745 1376 934 1423 sonitum
972 1377 1160 1435 habent,
1191 1378 1296 1426 aliae
1316 1379 1465 1427 mino-

181 1465 289 1495 rem.
311 1451 519 1496 Ceterum
547 1450 617 1495 issa
640 1451 708 1496 vis
728 1449 913 1512 expreffi
931 1450 1106 1513 spiritus
1133 1451 1245 1514 ignis
1273 1453 1356 1508 est,
1386 1454 1464 1517 qui

180 1522 482 1584 fulgurationis
511 1539 675 1570 nornen
697 1524 850 1580 habet,
875 1522 966 1569 levi
995 1522 1168 1585 impetu
1189 1527 1390 1573 accensus
1417 1540 1463 1575 et

182 1595 341 1642 varius.
374 1599 486 1642 Ante
522 1608 665 1643 autem
700 1597 903 1643 videmus
930 1595 1292 1659 fulgin-ationem,
1331 1615 1461 1661 quam

181 1669 334 1713 sonum
357 1667 581 1714 audiamus
601 1685 610 1713 ε
629 1668 733 1731 quia
753 1667 985 1716 oculorum
1007 1667 1206 1715 velocior
1226 1669 1285 1717 est
1301 1669 1463 1728 sensus)

181 1752 222 1787 et
252 1741 440 1787 multum
472 1756 594 1787 aures
623 1741 850 1788 antecedit.

242 1814 361 1859 X111.
390 1812 552 1858 Falsam
581 1824 726 1859 autem
753 1813 839 1860 esse
873 1813 1131 1877 opinionem
1160 1832 1344 1874 eorum,
1379 1817 1455 1880 qui

180 1886 327 1949 ignem
351 1885 397 1931 in
424 1884 613 1932 nubibus
632 1884 835 1940 servant,
867 1903 945 1950 per
964 1887 1099 1934 multa
1129 1889 1279 1954 colligi
1302 1889 1458 1952 potest.

177 1959 221 2003 Si
246 1958 299 2004 de
319 1957 447 2004 coelo
468 1957 583 2003 cadit
600 1989 615 2012 ‚
639 1957 872 2019 quomodo
904 1972 995 2003 non
1024 1957 1223 2021 quotidie
1242 1958 1321 2017 fit,
1351 1977 1456 2007 cum

177 2030 431 2076 tantundem
467 2029 553 2077 illic
578 2029 744 2092 semper
774 2030 956 2077 ardeat?
990 2030 1167 2078 Deinde
1192 2030 1354 2077 nullam
1384 2049 1460 2079 ra-

177 2103 342 2150 tionem
363 2101 668 2161 reddiderunt,
696 2119 830 2165 quare
849 2102 988 2166 ignis,
1020 2119 1151 2167 quem
1183 2114 1332 2150 natura
1362 2105 1456 2150 sur-

175 2174 268 2220 sum
301 2184 459 2231 vocat,
491 2173 663 2221 defluat.
700 2174 793 2220 Alia
822 2174 938 2221 enim
975 2175 1175 2223 conditio
1204 2175 1455 2225 nostrorum

175 2245 342 2308 ignium
358 2244 443 2303 est,
470 2261 524 2292 ex
542 2246 700 2307 quibus
717 2245 891 2294 favillae
910 2248 1090 2303 cadunt,
1114 2263 1225 2311 quae
1245 2247 1460 2310 ponderis

175 2319 321 2366 secum
346 2319 510 2384 aliquid
545 2320 719 2368 habent..
751 2323 813 2367 Ita
844 2337 934 2367 non
966 2321 1192 2369 ,descendit
1220 2320 1359 2385 ignis,
1386 2320 1460 2368 sed

175 2392 482 2457 praecipitatur
507 2404 550 2441 et
579 2391 833 2443 deducitur*
860 2392 977 2441 Huic
1000 2392 1140 2442 fimile
1167 2392 1274 2440 nihil
1299 2393 1458 2443 accidit

531 2476 537 2481 .
1095 2467 1139 2516 N
1175 2482 1198 2531 3
