1730 2870
224 148 312 179 120
478 136 526 180 L.
570 135 862 180 ANNAEI
906 136 1248 184 SENECAE

216 258 263 286 re
292 253 441 287 natura
473 258 562 287 non
595 240 767 303 potuit:
790 240 952 287 semina
975 242 1102 290 nobis
1131 243 1331 292 scientiae
1362 246 1500 307 dedit,

215 314 436 361 scientiam
472 330 559 359 non
587 313 721 359 dedit.
753 313 948 374 Quidam
978 316 1098 362 aiunt
1125 334 1206 364 nos
1231 318 1274 363 in
1300 321 1500 367 notitiam

217 386 413 434 incidisse
443 405 453 432 ε
485 386 609 449 quod
638 385 698 431 est
729 384 1010 444 incredibile,
1041 389 1214 438 virtutis
1243 392 1369 439 alicui
1403 393 1500 455 spe-

216 460 329 505 ciem
355 459 455 505 casu
484 456 738 504 occurriffe.
761 455 906 505 Nobis
933 459 1108 507 videtur
1134 463 1383 512 observatio
1410 466 1503 512 col-

219 533 396 597 legiffe‚
422 546 466 580 et
501 551 646 580 rerum
679 535 804 598 saepe
835 534 1043 583 factarum
1074 537 1187 585 inter
1219 528 1274 586 se⁸
1291 542 1468 587 collatio
1487 578 1502 600 ‚

220 622 298 667 per
325 604 571 668 analogiam
598 606 751 652 nostro
781 607 1001 654 intellectu
1027 626 1068 655 et
1098 610 1327 658 honestum
1351 628 1393 660 et
1419 615 1503 660 bo-

222 695 328 723 num
353 677 580 724 iudicante.
615 679 716 727 Hoc
737 681 928 736 'verbum
958 681 1057 728 c'um
1085 683 1203 729 latini
1233 673 1505 747 grammatici

222 751 400 798 civitate
416 752 706 810 donaverint,
736 769 819 816 ego
843 754 1139 801 damnandum
1160 772 1251 802 non
1269 771 1376 820 puto
1392 795 1406 817 ,
1425 777 1504 808 nec

222 824 269 871 in
298 825 519 872 civitatem
545 826 660 872 suam
694 827 1001 890 redigendum.
1028 830 1138 875 Utar
1168 846 1276 893 ergo
1307 831 1382 878 illo
1415 850 1505 879 non

223 907 429 959 tanquam
448 912 654 960 recepto,
675 899 747 945 sed
770 911 975 962 tanquam
1001 900 1170 947 usitato.
1192 904 1319 962 Quae
1337 903 1385 949 {it
1402 904 1527 952 haec'

224 970 452 1034 analogia,
469 970 627 1019 dicam.
646 973 925 1019 Noveramus
945 974 1147 1036 corporis
1176 975 1395 1023 sanitatem
1419 995 1430 1024 :
1455 995 1509 1024 ex

224 1045 306 1090 hac
320 1045 577 1108 collegimus
597 1047 680 1092 effe
695 1047 883 1110 aliquam
901 1062 944 1094 et
957 1047 1103 1094 animi.
1120 1065 1391 1097 noveramus
1404 1068 1507 1098 cor-

224 1118 350 1180 poris
367 1118 483 1166 vires
497 1137 507 1165 ε
521 1136 572 1165 ex
588 1119 652 1166 bis
673 1121 927 1184 collegimus
944 1120 1027 1167 effe
1043 1134 1085 1168 et
1103 1122 1237 1168 animi
1253 1123 1402 1172 robur.
1418 1125 1508 1172 Ali-

225 1203 308 1250 qua
325 1188 511 1252 benigna
529 1187 640 1235 facta
654 1189 826 1253 ‚aliqua
845 1189 1060 1249 humana,
1081 1191 1222 1254 aliqua
1242 1191 1404 1251 fortia,
1426 1212 1509 1242 nos

226 1260 645 1343 obstupefecerant:
676 1262 783 1310 haec
814 1264 1043 1346 coepimus
1075 1280 1281 1328 tanquam
1316 1266 1509 1328 perfecta

227 1352 390 1384 mirari.
422 1336 633 1383 Suberant
657 1337 739 1384 illis
771 1339 904 1385 multa
930 1338 1065 1397 vitia,
1095 1354 1206 1400 quae
1237 1338 1397 1400 species
1429 1340 1509 1387 ali·

226 1410 349 1457 cuius
373 1411 597 1473 conspicui
626 1410 730 1457 facti
761 1411 994 1475 fulgorque
1023 1413 1228 1458 celabat.
1257 1413 1363 1460 haec
1389 1413 1508 1460 diffi-

226 1485 503 1533 mulavimus.
554 1486 723 1532 Natura
751 1487 869 1533 iubet
903 1503 1060 1549 augere
1093 1486 1306 1533 laudanda
1333 1506 1343 1533 :
1377 1504 1511 1535 nemo

226 1575 317 1605 non
348 1559 534 1624 gloriam
559 1560 670 1606 ultra
698 1577 854 1606 verum
881 1560 992 1607 tulit.
1020 1562 1083 1605 Ex
1107 1561 1172 1606 his
1194 1577 1302 1624 ergo
1322 1560 1509 1624 speciem

226 1634 409 1698 ingentis
439 1634 545 1682 boni
579 1634 800 1681 traximus.
848 1635 1068 1683 Fabricius
1101 1636 1258 1699 Pyrrhi
1284 1636 1396 1699 regis
1430 1654 1510 1683 au-

226 1725 322 1754 rum
353 1707 538 1771 repulit,
564 1707 787 1770 maiusque
811 1724 952 1771 regno
975 1707 1213 1761 iudicavit,
1235 1707 1372 1771 regias
1401 1724 1511 1772 opes

226 1781 350 1844 poffe
378 1793 676 1828 contemnere.
715 1782 835 1830 ldem
856 1818 869 1839 ,
905 1781 1082 1829 medico
1117 1782 1275 1844 Pyrrhi
1317 1782 1510 1844 promit-

225 1868 344 1903 rente
360 1872 581 1902 venenum
607 1856 651 1902 se
680 1855 772 1918 regi
796 1855 996 1901 daturum
1015 1890 1029 1913 ‚
1057 1855 1230 1900 monuit
1253 1856 1475 1918 Pyrrhum
1496 1891 1511 1914 ,

227 1941 405 1976 caveret
422 1928 608 1977 infidias.
638 1930 842 1976 Eiusdem
870 1929 1003 1975 animi
1031 1928 1137 1984 fuit,
1161 1945 1269 1975 auro
1294 1946 1385 1975 non
1412 1930 1510 1977 vin-

227 2002 269 2049 ci
286 2037 299 2058 ,
322 2019 501 2050 veneno
518 2020 609 2049 non
632 2003 820 2050 vincere.
862 2002 1075 2050 Admirati
1105 2002 1250 2049 sumus
1285 2003 1509 2066 ingentem

227 2076 400 2134 virum,
434 2093 563 2138 quem
596 2094 687 2124 non
724 2077 871 2140 regis,
914 2093 1004 2122 non
1037 2088 1190 2122 contra
1221 2094 1367 2140 regem
1401 2093 1510 2139 pro-

228 2149 350 2195 miffa
382 2148 624 2204 flexissent,
660 2149 768 2194 boni
797 2148 988 2210 exempli
1017 2160 1213 2196 tenacem
1240 2166 1251 2194 ε
1279 2149 1401 2211 quod
1425 2147 1512 2195 dif-

225 2220 474 2268 ficillimum
492 2221 579 2280 est,
601 2222 648 2268 in
667 2222 784 2268 bello
808 2221 1088 2267 innocentem
1114 2239 1124 2267 ε
1144 2221 1218 2284 qui
1239 2221 1417 2284 aliquod
1447 2220 1511 2266 es-

225 2297 268 2344 se
294 2298 489 2344 crederet
511 2297 642 2344 etiam
667 2297 711 2343 in
734 2297 856 2343 hoste
877 2297 1021 2343 nefas:
1045 2297 1119 2360 qui
1138 2297 1182 2342 in
1213 2296 1379 2342 summa
1403 2312 1509 2357 pau-

225 2385 421 2434 pertate,
449 2388 536 2434 qua
580 2371 655 2417 sibi
685 2372 815 2418 decus
849 2372 1039 2428 fecerat,
1068 2387 1158 2417 non
1199 2371 1319 2416 aliter
1349 2368 1510 2432 refugit

226 2444 401 2493 divitias
436 2463 567 2510 quam
602 2463 837 2494 venenum.
893 2445 1045 2505 Vive,
1084 2444 1259 2509 inquit,
1291 2442 1511 2493 beneficio
