1730 2870
354 132 617 181 NATUR.
666 127 970 190 QUAEST.
1019 127 1249 173 LlB.1V.
1323 139 1442 202 ¹277

161 242 347 291 mittere.
363 242 494 287 Nunc
512 253 624 285 vero
639 248 733 284 tota
751 236 888 284 exteri
905 230 1034 283 maris
1049 251 1128 282 ora
1143 247 1441 281 mercatorum

160 315 343 363 navibus
373 311 593 374 stringitur
612 328 622 357 ε
644 322 832 374 quorum
850 326 983 357 nemo
1000 321 1141 355 narrat
1161 322 1276 354 nunc
1294 320 1443 352 caeru-

161 386 277 432 leum
302 383 450 430 Nilum
466 418 480 440 ,
509 398 583 429 aut
604 398 723 428 mare
742 382 906 444 saporis
927 381 1111 428 alterius.
1144 379 1269 443 quod
1299 389 1342 424 et
1362 392 1442 421 na-

160 469 256 504 tura
283 456 402 503 credi
429 469 549 503 vetat
575 473 586 502 :
626 456 726 518 quia
754 455 1042 502 dulcissimum
1074 453 1284 516 quodque
1311 463 1354 497 et
1380 450 1442 495 le-

160 529 381 579 viffimum
414 529 476 577 sol
503 529 644 576 trahit.
668 532 887 576 Praeterea
907 538 1039 587 quare
1057 527 1202 573 hieme
1218 523 1442 572 nonsscres-

159 601 248 650 cit?
273 617 316 649 et
339 618 442 649 tunc
466 602 606 665 potest
625 601 768 647 ventis
797 599 1009 647 concitari
1031 615 1148 645 mare
1163 635 1176 656 ‚
1207 597 1443 662 aliquando

159 675 338 738 quidem
355 675 606 721 maioribus.
623 676 737 720 Nam
755 673 915 719 Etesiae
935 673 1161 734 temperati
1177 672 1282 718 sunt.
1303 670 1444 732 Quod

158 747 190 794 fi
216 763 242 794 e
261 747 369 793 mari
395 747 579 794 ferretur
606 745 828 793 Atlantico
844 780 857 803 ‚
883 744 1015 792 semel
1035 745 1235 807 oppleret
1255 748 1443 807 Aegyp·

159 832 267 867 tum.
300 824 361 866 At
390 837 507 867 nunc
540 836 616 882 per
644 819 800 882 gradus
823 817 992 865 crescit.
1025 815 1444 879 Oenopides-Chius

160 892 220 940 ait
235 927 249 948 ,
269 893 412 940 hieme
433 894 622 941 calorem
642 891 718 939 sub
739 891 864 940 terris
884 890 1102 938 contineri
1123 908 1134 938 z
1162 889 1265 938 ideo
1283 897 1325 936 et
1344 880 1443 950 speE

159 982 236 1012 cus
260 967 426 1013 calidos
457 965 566 1023 effe,
599 957 641 1012 et
671 964 939 1028 tepidiorem
969 963 1110 1025 puteis
1136 970 1333 1026 aquanst
1357 960 1441 1006 ita-

158 1054 245 1100 que
264 1054 395 1085 venas
414 1037 588 1085 interno
608 1038 752 1086 calore
773 1036 932 1084 siccari.
955 1037 1036 1082 Sed
1053 1037 1098 1082 in
1116 1036 1207 1082 aiiis
1224 1034 1349 1082 terris
1367 1050 1442 1080 au-

158 1122 314 1173 gentur
344 1110 554 1156 imbribus
574 1109 773 1174 fiumina.
801 1109 953 1156 Nilum
972 1141 987 1163 ‚
1023 1109 1124 1172 quia
1147 1109 1268 1154 nullo
1299 1107 1441 1153 imbre

160 1182 414 1240 adiuvetur,
432 1211 434 1213 -
453 1175 650 1240 tenuari,
689 1180 847 1229 deinde
871 1180 1061 1227 crescere
1087 1196 1166 1240 per
1195 1179 1440 1222 aestatem:

157 1269 252 1316 quo
273 1265 472 1315 tempore
496 1252 654 1315 frigent
678 1250 886 1297 interiora
913 1261 1126 1296 terrarum
1148 1281 1163 1303 ‚
1191 1262 1234 1296 et
1252 1247 1364 1295 redit
1383 1246 1442 1293 ri-

156 1341 242 1388 gor
269 1323 477 1371 fontibus.
509 1324 648 1383 Quod
677 1324 708 1369 fi
730 1340 883 1371 verum
917 1322 1052 1381 effer,
1074 1322 1227 1370 aestate
1259 1321 1443 1368 flumina

160 1396 427 1455 crescerent,
452 1394 692 1459 omnesque
717 1396 834 1458 putei
857 1395 1012 1443 aestate
1042 1396 1323 1443 abundarent.
1344 1396 1441 1442 De-

160 1468 262 1515 inde
300 1484 392 1515 non
429 1468 619 1515 calorem
654 1467 797 1515 hieme
831 1467 912 1514 sub
940 1469 1066 1515 terris
1097 1467 1180 1515 effe
1213 1466 1467 1513 maiorem.‘

160 1546 289 1605 Aqua
308 1552 352 1588 et
379 1540 530 1604 specus
555 1553 599 1587 et
627 1539 747 1603 putei
775 1538 925 1603 tepent
945 1558 956 1587 2
978 1541 1081 1604 quia
1105 1541 1204 1587 ae'ra
1227 1540 1442 1603 rigentem

160 1614 425 1661 extrinsecus
448 1629 541 1660 non
572 1612 802 1675 recipiunt.
834 1616 893 1660 lta
918 1630 1009 1661 non
1037 1615 1226 1662 calorem
1248 1613 1408 1660 habent
1425 1647 1440 1670 ,

160 1688 233 1735 sed
260 1686 397 1750 frigus
426 1687 682 1734 excludunt.-
710 1689 775 1732 Ex
803 1688 955 1735 eadem
984 1687 1107 1736 causa
1134 1687 1288 1735 aestate
1313 1686 1442 1733 refri-

161 1759 337 1823 gescunt
359 1775 370 1805 :
388 1758 493 1821 quia
508 1757 585 1804 illo
606 1769 802 1804 remotus
823 1757 1104 1823 sedufiiusque
1123 1761 1198 1806 aer
1214 1758 1444 1806 calefafflts

162 1849 255 1880 non
284 1833 500 1896 pervenit.
535 1831 766 1895 Diogenes
802 1834 1105 1897 Apolloniates
1126 1834 1215 1880 ait:
1248 1834 1323 1880 Sol
1358 1833 1444 1880 hu-

161 1921 336 1952 morem
372 1904 425 1951 ad
453 1903 497 1950 se
532 1902 678 1966 rapit:
717 1903 834 1951 hunc
866 1905 1078 1953 exsiccata
1112 1905 1234 1952 tellus
1265 1918 1356 1952 tum
1390 1911 1445 1950 ex

161 1973 277 2024 mari
305 1977 424 2024 ducit
442 2012 459 2034 ,
484 1990 579 2023 tum
606 1992 659 2021 ex
683 1976 840 2023 ceteris
869 1977 1003 2041 aquis.
1036 1977 1148 2024 Fieri
1177 1991 1321 2024 autem
1351 1970 1446 2022 non

160 2048 330 2113 potest,
369 2062 418 2096 ut
453 2065 540 2096 una
566 2048 680 2096 ficca
710 2047 761 2095 fit
788 2049 943 2107 tellus,
976 2049 1057 2097 alia
1089 2050 1289 2097 abundet.
1334 2050 1444 2096 Sunt

160 2126 278 2172 enim
308 2123 527 2187 perforata
550 2122 726 2181 omnia,
749 2135 792 2170 et
809 2123 854 2169 in
873 2124 1025 2170 itinera
1056 2124 1222 2186 pervia.
1251 2125 1371 2171 Sicca
1391 2124 1446 2171 ab

162 2197 354 2246 humidis
382 2197 558 2244 sumunt
591 2197 841 2259 aliquando.
867 2196 958 2242 Nisi
990 2196 1155 2258 aliquid
1181 2209 1294 2243 terra
1329 2196 1447 2244 acci—

90 2268 93 2271 ’
164 2280 314 2332 peret,
347 2268 589 2316 exaruiffet.
618 2271 737 2331 Ergo
765 2266 900 2315 undas
931 2266 994 2314 sol
1021 2268 1150 2314 trahit
1171 2284 1181 2314 ε
1206 2267 1277 2314 sed
1299 2285 1354 2314 ex
1381 2269 1449 2316 his

163 2360 275 2406 quae
303 2354 538 2406 premunt,
564 2341 752 2388 maxime
773 2342 879 2388 haec
908 2340 1144 2387 meridiana
1169 2341 1275 2388 sunt.
1308 2343 1448 2390 Terra

171 2433 271 2463 cum
296 2416 499 2475 exaruit,
530 2416 626 2479 plus
653 2416 705 2462 ad
735 2415 776 2462 se
803 2414 1002 2463 humoris
1022 2414 1211 2462 adducit.
1241 2427 1288 2464 ut
1311 2415 1357 2464 in
1374 2415 1447 2464 lu-

544 2498 550 2503 .
1102 2489 1129 2533 S
1165 2504 1187 2552 3
