1730 2870
231 117 323 186 326
466 118 515 168 L.
574 116 868 163 ANNAEI
913 115 1322 176 ‘SENECAE-

227 219 406 274 diducat
423 238 466 274 et
485 226 684 288 di'ffipet3
709 236 814 272 tunc
832 235 947 270 terra
971 224 1160 271 iaetatur.
1187 226 1278 271 Aut
1301 222 1416 271 enirn
1436 226 1514 272 da-

228 313 327 348 tura
347 312 485 348 vento
503 300 654 346 locum
674 297 878 352 discedit;
903 309 975 342 aut
1001 313 1101 343 cum
1122 297 1240 344 dedit
1257 332 1270 355 ,
1289 297 1332 342 in
1351 297 1483 359 ipsam
1501 333 1517 355 ,

227 393 315 439 qua
352 375 474 425 illum
511 374 652 423 emifit
668 409 685 433 ,
730 387 965 422 cavernam
1007 370 1294 420 fundamento
1337 372 1518 436 spoliata

229 447 433 495 confidit.

298 520 402 566 XV.
446 518 642 580 Quidam
680 517 739 565 ita
772 515 1035 564 existimant.
1067 517 1207 564 Terra
1236 517 1382 564 multis
1407 515 1520 564 locis

230 595 453 660 perforata
480 593 565 650 est,
590 609 670 639 nec
689 604 858 639 tantum
885 590 1055 654 primos
1072 591 1169 638 illos
1196 590 1337 637 aditus
1359 590 1488 637 habet
1506 625 1522 648 ,

229 685 348 732 quos
373 668 496 714 velut
512 667 776 729 spiramenta
791 666 847 711 ab
863 664 992 711 initio
1011 664 1075 710 sui
1095 663 1284 726 recepit,
1314 664 1386 710 sed
1406 664 1520 710 mul-

233 754 305 788 tos
335 741 424 788 illie
455 741 573 788 casus
604 738 826 801 imposuit.
867 736 1042 783 Alicubi
1068 736 1273 793 diduxit,
1308 736 1521 798 quidquid

231 816 417 877 superne
443 814 604 865 terreni
635 826 753 868 erat,
779 826 915 875 aqua:
949 811 1029 857 alia
1061 822 1277 857 torrentes
1305 810 1491 856 exedere
1508 842 1526 867 ,

231 888 305 938 illa
336 888 520 935 aestibus
541 888 712 950 magnis
741 887 918 947 dirupta
942 900 1133 948 patuere.
1166 886 1246 930 Per
1266 884 1372 930 haec
1391 882 1524 929 inter-

233 961 347 1009 valla
372 962 503 1011 intrat
523 961 724 1020 spiritus:
756 975 889 1022 quem
921 958 951 1004 fi
972 957 1141 1004 inclusit
1170 973 1316 1012 mare,
1343 967 1385 1001 et
1402 955 1527 1002 altius

234 1034 408 1096 adegit,
429 1050 509 1080 nec
530 1031 687 1079 fluetus
705 1044 825 1079 retro
840 1031 959 1078 abire
977 1029 1167 1094 permisit
1180 1061 1194 1084 ‚
1224 1044 1329 1075 tunc
1350 1027 1420 1075 ille
1435 1027 1526 1073 exi-

233 1121 283 1153 tu
307 1106 429 1154 simul
455 1106 688 1168 redituque
714 1104 967 1167 praeclusO,
997 1103 1232 1150 volutatur.
1264 1104 1317 1147 Et
1345 1100 1445 1163 quia
1479 1099 1527 1144 in

234 1183 408 1230 redium
433 1197 524 1228 non
548 1179 691 1243 potest
711 1179 888 1227 tendere
904 1209 918 1232 ‚
941 1177 1064 1241 quod
1083 1176 1143 1222 illi
1162 1174 1351 1221 naturale
1370 1173 1460 1228 est,
1479 1172 1526 1218 in

235 1254 419 1303 sublime
436 1254 477 1302 se
497 1245 716 1308 intendit,
736 1263 779 1299 et
796 1262 956 1298 terram
974 1244 1244 1313 prementem
1264 1246 1527 1293 diverberat.

303 1330 430 1377 XV1.
465 1328 720 1373 Etiamnum
758 1325 996 1373 dicendum
1027 1323 1116 1379 est,
1151 1322 1273 1384 quod
1310 1321 1528 1383 plerisque

238 1396 491 1447 auitoribus.
518 1395 660 1458 placet
677 1426 693 1451 ‚
724 1407 768 1442 et
792 1394 837 1441 in
864 1397 987 1459 quod
1011 1396 1186 1442 fortasse
1214 1394 1291 1441 fiet
1315 1393 1531 1442 disceffio.

237 1471 348 1515 Non
374 1468 458 1516 effe
478 1483 638 1517 terram
659 1467 747 1516 fine
766 1468 943 1532 spiritu,
962 1470 1104 1530 palam
1125 1469 1198 1516 est.
1234 1469 1340 1516 Non
1360 1479 1528 1514 tantum

238 1540 317 1587 illo
334 1540 463 1596 dico,
490 1556 582 1603 quo
600 1540 641 1587 se
658 1551 802 1595 tenet,
832 1557 882 1587 ac
903 1553 1046 1602 partes
1065 1539 1125 1586 sui
1144 1540 1306 1602 iungit,
1329 1540 1403 1603 qui
1423 1539 1534 1588 inest

239 1613 369 1660 etiam
396 1611 509 1659 saxis
528 1612 805 1676 mortuisque
835 1613 1129 1676 corporibus:
1151 1613 1221 1659 sed
1242 1613 1318 1659 '1110
1338 1614 1440 1660 dico
1458 1614 1531 1662 vi-

239 1687 341 1744 tali,
370 1700 418 1741 ‚et
437 1698 600 1751 vegeto
614 1721 627 1742 ,
655 1700 698 1733 et
718 1686 856 1732 alente
877 1687 1041 1732 omnia.
1074 1687 1205 1733 Hunc
1226 1684 1300 1731 nisi
1323 1686 1531 1744 haberet,

239 1761 479 1822 quomodo
496 1772 565 1806 tot
585 1760 765 1806 arbustis
785 1760 979 1821 spiritum
997 1760 1266 1816 infunderet,
1285 1777 1374 1806 non
1393 1761 1529 1808 aliun-

241 1834 296 1879 de
319 1832 603 1891 viventibus,
635 1843 677 1879 et
701 1843 769 1878 tot
787 1831 919 1880 satis?
951 1833 1342 1892 Quemadmodum
1361 1845 1446 1878 tam
1462 1834 1529 1879 di-

242 1906 391 1953 versas
409 1908 578 1954 radices
593 1943 609 1963 ,
640 1906 763 1953 aliter
790 1918 923 1970 atque
949 1906 1067 1952 aliter
1085 1906 1129 1952 in
1151 1906 1192 1953 se
1213 1908 1371 1953 mersas
1400 1907 1531 1955 fove·-

240 1994 308 2026 ret
322 2016 336 2035 ‚
369 1981 576 2043 quasdam
594 1980 762 2027 summa
783 1993 979 2042 receptas
998 1994 1120 2041 parte
1137 2016 1151 2035 ,
1177 1981 1381 2043 quasdam
1403 1981 1531 2030 altius

240 2053 415 2108 maetas,
442 2051 519 2098 nifi
541 2052 725 2099 multum
745 2052 924 2098 habere‘t
942 2052 1132 2104 animae,
1153 2067 1241 2098 tam
1264 2053 1422 2107 multa,
1439 2067 1529 2100 tam

239 2124 363 2170 varia
384 2123 657 2188 generantis,
684 2137 726 2171 et
752 2123 904 2170 haustu
922 2137 1051 2188 atque
1078 2126 1289 2172 alimento
1320 2124 1397 2171 suo
1416 2127 1528 2172 edu-

238 2201 412 2247 cantis?
449 2200 641 2260 Levibus
666 2201 808 2247 adhuc
835 2199 1099 2263 argumentis
1119 2217 1217 2263 ago.
1241 2200 1411 2245 Totum
1441 2199 1527 2247 hoc

238 2273 417 2321 coelum
437 2306 452 2329 ‚
483 2274 606 2336 quod
636 2274 788 2337 igneus
818 2274 992 2330 aether,
1025 2273 1175 2318 mundi
1205 2273 1370 2320 summa
1402 2288 1526 2335 pars,

240 2345 425 2403 claudit,
463 2362 617 2393 omnes
635 2346 714 2392 hae
744 2345 908 2399 stellae,
937 2361 1120 2407 quarum
1152 2343 1251 2390 iniri
1278 2362 1366 2390 non
1387 2344 1526 2405 potest

238 2435 470 2478 numerus,
507 2418 652 2467 omnis
677 2418 749 2467 hic
780 2417 1036 2467 coelestium
1060 2428 1242 2477 coetus,
1269 2428 1313 2464 et
1339 2415 1421 2481 (ut
1444 2415 1523 2462 alia
