1730 2870
227 89 356 164 2ffi'
450 96 1242 176 L.ANNAssisENEcAE

224 209 285 256 ait
318 206 643 270 Theophrastus
674 208 718 253 in
756 208 945 272 Coryco
989 221 1169 270 monte,
1201 211 1246 257 in
1277 228 1371 276 quo
1411 202 1511 277 posi’

226 298 437 330 terrarum
474 292 715 327 tremorem
750 297 868 327 nova
895 281 963 328 vis
989 282 1178 329 fontium
1209 284 1389 332 emersit.
1427 288 1511 333 Sed

223 369 267 404 et
297 356 405 403 alios
441 370 620 416 quoque
649 354 768 400 casus
801 354 1071 401 intervenire
1106 357 1281 420 quidam
1316 359 1508 421 opinan-

225 441 296 477 'tur
315 464 327 485 ,
347 427 423 490 qui
445 425 568 472 aliter
593 437 786 471 evocent
811 442 970 488 aquas,
991 438 1063 473 aut
1085 444 1110 473 a
1142 429 1267 476 cursu
1296 431 1374 477 suo
1399 432 1511 479 deii-

225 502 341 549 ciant
356 534 369 557 ,
386 511 516 562 atque
543 508 754 544 avertant.
782 498 877 544 Fuit
901 499 1136 562 aliquando
1155 514 1363 564 aquarum
1381 504 1511 567 inops

222 575 440 622 Haemus:
473 572 544 618 sed
568 588 668 618 cum
698 573 930 618 Gallorum
963 589 1070 635 gens
1096 589 1121 619 a
1156 575 1395 625 Cassandro
1426 579 1511 624 ob-

223 647 327 694 sesl‘a
357 646 402 692 in
430 645 554 692 illum
585 644 626 690 se
655 643 927 701 contulisset,
952 657 995 691 et
1016 643 1143 691 silvas
1170 648 1388 695 cecidisset
1406 685 1420 707 ,
1440 650 1510 696 in-

222 738 326 786 gens
355 735 567 782 aquarum
593 717 724 780 copia
755 717 954 780 apparuit
973 746 988 774 5
1014 734 1121 780 quas
1145 718 1349 767 videlicet
1368 721 1410 766 in
1432 724 1511 769 ali-

219 807 416 841 mentum
454 792 580 839 suum
620 808 802 840 nemora
836 793 1086 847 ducebant;
1131 793 1287 855 quibus
1327 796 1509 861 excisis,

220 868 416 922 humor,
453 864 529 928 qui
563 863 685 911 defiit
715 864 760 910 in
789 863 959 910 arbusta
993 864 1193 911 consumi
1214 901 1227 922 ‚
1265 865 1510 928 superfusus

218 939 291 986 est.
327 939 446 984 Idem
479 936 536 982 ait
568 949 611 983 et
639 937 755 982 circa
784 934 1050 998 Magnesiam
1080 936 1289 984 accidisse.
1322 939 1408 985 Sed
1429 957 1510 1002 pa-

222 1029 272 1060 ce
286 1008 580 1072 Theophrasti
609 1008 762 1055 dixisse
787 1008 941 1064 liceat,
970 1023 1060 1053 non
1079 1007 1167 1055 hoc
1184 1008 1250 1055 est·
1271 1009 1406 1058 fimile
1429 1024 1508 1060 ve-

218 1086 288 1134 ri:
319 1083 420 1148 quia
449 1082 539 1129 fere
565 1081 840 1147 aquofiffima
858 1083 955 1129 sunt
972 1111 988 1138 5
1025 1098 1309 1146 quaecunque
1330 1087 1508 1134 umbro-2

219 1158 386 1205 fiffima.
423 1156 564 1216 Quod
593 1171 685 1201 non
713 1153 940 1212 eveniret,
960 1154 990 1199 fi
1016 1171 1148 1218 aquas
1177 1156 1343 1202 arbusta
1371 1158 1508 1206 ficcae-

220 1244 349 1285 rent3
378 1230 538 1293 quibus
565 1228 820 1275 alimentum
843 1244 897 1274 ex
916 1227 1123 1290 proximo
1148 1227 1209 1275 est
1230 1249 1241 1278 :
1271 1230 1506 1280 fluminum

216 1316 329 1361 vero
360 1303 430 1350 vis
455 1320 508 1349 ex
532 1300 691 1348 intimo
709 1301 1095 1364 manat,ultraque
1109 1302 1346 1364 excipitur,
1373 1317 1505 1368 quam

215 1376 434 1423 radicibus
457 1374 634 1438 evagari
652 1375 765 1422 licet.
807 1373 985 1419 Deinde
1010 1373 1196 1420 succisae
1215 1375 1394 1423 arbores
1412 1378 1507 1439 plus

214 1450 413 1498 humoris
445 1448 700 1496 desiderant.
748 1447 855 1493 Non
890 1446 1010 1492 enim
1040 1458 1205 1492 tanturn
1238 1448 1282 1492 id
1317 1465 1407 1511 quo
1434 1451 1506 1497 vi..

214 1536 322 1571 vant
342 1558 355 1578 ,
387 1522 459 1569 sed
493 1534 538 1569 et
581 1522 625 1568 id
653 1537 743 1583 quo
776 1519 1001 1576 crescant,
1038 1519 1223 1565 trahunt.
1260 1520 1379 1565 Idem
1411 1521 1503 1580 ait,-

212 1597 330 1644 cirea
350 1596 580 1643 Arcadiam
595 1631 608 1651 ‚
631 1604 741 1657 quae
758 1593 861 1640 urbs
884 1592 927 1638 in
952 1592 1082 1638 Creta
1107 1590 1241 1636 insula
1263 1589 1347 1636 fuit
1362 1627 1379 1648 ,
1398 1591 1503 1638 son-

216 1684 280 1718 tes
310 1683 353 1717 et
385 1672 500 1718 lacus
533 1669 787 1724 substitisse,
812 1667 916 1731 quia
944 1665 1115 1713 defierit
1148 1664 1233 1711 coli
1261 1678 1402 1723 terra,
1433 1665 1502 1711 di-

213 1756 310 1792 ruta
347 1737 487 1792 urhe:
525 1745 674 1807 postea
708 1759 821 1790 vero
857 1756 989 1806 quam
1028 1732 1218 1787 cultores
1251 1740 1500 1802 receperit,

213 1831 347 1881 aquas
375 1835 557 1881 quoque
585 1816 805 1879 recepisse.
842 1812 1027 1861 Causam
1054 1811 1251 1858 siccitatis
1280 1812 1390 1858 hanc
1417 1828 1500 1874 po-

213 1892 303 1947 nis,
340 1893 464 1953 quod
495 1890 755 1937 obduruerit
793 1887 1022 1936 constricta
1050 1885 1201 1941 tellus,
1232 1901 1311 1931 nec
1341 1899 1500 1947 potue-2

211 1964 270 2011 rit
288 1964 448 2010 imbres
468 1964 668 2026 inagitata
685 1961 984 2009 transmittere.
1015 1952 1264 2020 Quomodo
1281 1974 1388 2023 ergo
1407 1960 1500 2022 plu-

211 2037 351 2084 rimos
385 2037 584 2083 videmus
613 2037 658 2082 in
688 2036 797 2082 locis
833 2033 1120 2081 desertiffimis
1152 2032 1331 2080 fontes?
1370 2036 1497 2081 Plura

211 2110 401 2172 denique
431 2109 679 2159 invenimus
695 2146 706 2163 ‚
727 2124 837 2171 quae
860 2122 1040 2170 propter
1059 2121 1191 2168 aquas
1221 2105 1309 2152 coli
1333 2122 1494 2169 coepe-

209 2198 336 2239 runt,
363 2200 491 2239 quam
520 2199 632 2246 quae
657 2198 789 2245 aquas
818 2181 975 2226 habere
1002 2178 1261 2241 coeperint,
1286 2179 1387 2242 quia
1414 2195 1493 2226 coe

208 2255 416 2302 lebant-,uu
469 2258 576 2303 Non
612 2245 728 2304 enim
766 2254 850 2303 effe
886 2254 1126 2317 pluvialem
1161 2254 1273 2302 hanc
1303 2271 1492 2318 aquamq

205 2346 320 2393 ‚quae
343 2330 571 2379 vastiffima
603 2330 785 2378 flumina
819 2347 843 2377 a
871 2330 993 2377 fonte
1023 2329 1190 2386 statim,
1211 2329 1376 2393 magnis
1395 2339 1493 2390 apta

203 2402 392 2465 navigiis
428 2404 602 2465 defert,
637 2421 690 2452 ex
726 2405 814 2453 hoc
844 2403 1059 2468 intelligas
1092 2403 1193 2453 licet
1215 2438 1231 2464 ‚
1259 2403 1382 2468 quod
1415 2410 1494 2466 per
