1730 2870
287 180 345 225 62
515 180 562 224 L.
612 177 922 224 ANNAEI
971 178 1333 225 SENECAE

284 287 432 334 strum.
466 286 589 350 quod
619 285 756 348 fugit,
788 285 1095 347 occupandum
1125 285 1198 333 est.
1233 287 1334 333 Hoc
1359 301 1451 332 non
1478 302 1559 333 co-

282 361 389 423 gitat
419 359 523 413 ille,
559 358 634 421 qui
667 356 935 418 grammatici
976 356 1113 403 oculis
1149 374 1322 403 carmen
1358 357 1470 403 istud
1496 359 1562 405 le-

284 433 380 495 git,
417 431 521 477 ideo
557 429 776 491 optimum
812 444 1030 490 quemque
1070 428 1259 490 primum
1298 428 1384 476 effe
1413 429 1562 488 diem,

283 505 387 567 quia
418 503 605 550 subeunt
633 500 811 558 morbi,
840 499 941 562 quia
972 501 1163 548 seneclus
1194 501 1387 563 premit,
1418 513 1460 549 et
1486 503 1564 548 ad-

282 579 369 624 huc
387 575 719 623 adolescentiam
749 573 1038 638 cogitantibus
1069 575 1194 637 supra
1219 587 1347 638 caput
1376 574 1436 621 est
1457 593 1468 622 :
1490 575 1561 622 sed

283 652 373 705 ait,
405 648 640 712 Virgilium
676 648 844 709 semper
882 664 965 694 una
1004 663 1170 710 ponere
1207 648 1390 694 morbos
1425 661 1467 695 et
1498 648 1562 695 se-

280 724 515 769 neclutem.
539 736 629 766 non
652 719 901 766 mehercule
932 720 1156 766 immerito
1184 738 1195 766 :
1224 719 1415 767 seneclus
1443 721 1560 767 enim

281 795 527 843 insanabilis
563 794 744 839 morbus
768 793 841 840 est.
877 795 1099 839 Praeterea
1118 829 1131 851 ,
1165 792 1306 856 inquit
1327 829 1340 851 ‚
1375 794 1461 840 hoc
1492 793 1557 840 se·-

282 869 445 918 neEluti
476 883 726 931 cognomen
748 866 977 930 imposuit,
997 866 1164 913 tristem
1190 867 1308 913 illam
1332 879 1462 915 vocat
1483 883 1495 910 z
1562 894 1565 895 ν

452 983 634 1043 subeunt
660 982 791 1026 morbi
809 1015 823 1039 ‚
857 981 1057 1048 tristisque
1071 980 1273 1040 fineflus.

282 1089 389 1134 Non
412 1087 471 1134 est
490 1087 615 1151 quod
633 1086 828 1143 mireris,
846 1101 899 1131 ex
918 1086 1069 1132 eadem
1102 1085 1277 1132 materia
1302 1084 1383 1132 suis
1404 1102 1558 1149 quem=
1594 1132 1597 1133 ⁷

281 1181 368 1228 que
392 1161 541 1210 studiis
563 1176 660 1225 apta
691 1161 908 1226 colligere.
940 1164 987 1208 In
1016 1163 1170 1208 eodem
1204 1177 1330 1225 prato
1352 1163 1434 1210 bos
1456 1164 1560 1210 her-

278 1239 379 1284 bam
398 1236 587 1300 quaerit,
609 1234 726 1282 canis
746 1235 968 1297 leporem,
988 1234 1158 1280 ciconia
1184 1235 1411 1282 lacertum.
1442 1238 1560 1282 Cum

281 1309 513 1356 Ciceronis
542 1308 677 1355 libros
714 1308 768 1354 de
798 1306 1035 1370 Republica
1061 1307 1294 1370 prehendit
1330 1307 1429 1355 hinc
1464 1309 1562 1371 phi-

279 1383 457 1447 lologus
489 1382 677 1446 aliquis,
712 1382 815 1427 hinc
846 1382 1154 1444 grammaticus
1176 1414 1190 1436 ,
1228 1382 1329 1428 hinc
1363 1382 1562 1444 philoso-

279 1457 407 1519 phiae
440 1456 643 1503 deditus:
678 1455 786 1501 alius
820 1455 907 1500 alio
937 1471 1084 1501 curam
1123 1455 1242 1501 suam
1277 1455 1426 1503 mittit.
1460 1456 1564 1502 Phi-

279 1530 489 1593 losophus
513 1530 749 1576 admiratur
767 1565 780 1587 ‚
808 1540 961 1575 contra
987 1529 1192 1576 iustitiam
1218 1530 1304 1577 dici
1336 1542 1425 1576 tam
1453 1532 1564 1576 mul-

279 1620 324 1652 ta
362 1603 566 1666 potuiss'e.
608 1604 728 1650 Cum
760 1603 813 1648 ad
845 1603 953 1649 hanc
997 1603 1178 1649 eandem
1208 1603 1438 1650 leffionem
1466 1603 1564 1666 phi-

278 1677 454 1740 lologus
477 1675 673 1732 accefflt,
712 1674 799 1721 hoc
829 1673 1058 1732 subnotat,
1091 1675 1203 1721 duos
1235 1677 1462 1721 Romanos
1491 1691 1563 1721 re-

280 1766 352 1812 ges
378 1748 488 1804 effe,
515 1763 706 1810 quorum
735 1746 840 1792 alter
866 1758 1033 1809 patrem
1059 1763 1151 1793 non
1180 1747 1328 1806 habet,
1346 1747 1453 1794 alter
1472 1763 1566 1793 ma-

278 1839 404 1869 trem.
437 1822 553 1867 Nam
588 1822 643 1867 de
671 1820 811 1868 Servii
842 1832 979 1866 matre
1004 1820 1226 1867 dubitatur
1259 1839 1270 1867 :
1302 1821 1412 1866 Anci
1435 1834 1558 1883 pater

278 1897 453 1951 nullus;
482 1895 653 1941 Numae
680 1909 820 1956 nepos
852 1893 1024 1940 dicitur.
1051 1895 1270 1940 Praeterea
1290 1907 1413 1940 notat
1430 1930 1443 1951 ,
1462 1895 1563 1940 eum

278 1986 411 2033 quem
446 1984 529 2014 nos
563 1967 818 2014 diE'tatorem
857 1965 1070 2020 dicimus,
1102 1978 1146 2013 et
1169 1967 1235 2012 -2in
1275 1965 1463 2013 historiis
1504 1967 1563 2013 ita

278 2038 499 2086 nominari
535 2038 719 2101 legimus
734 2072 747 2094 ‚
768 2037 883 2100 apud
908 2036 1111 2100 antiquos
1136 2036 1385 2100 magistrum
1408 2036 1564 2099 populi

279 2121 506 2157 vocatum.
538 2109 776 2170 Hodieque
801 2108 846 2154 id
865 2107 1001 2155 exstat
1029 2108 1072 2154 in
1103 2107 1391 2171 Auguralibus
1416 2108 1564 2154 libris:

276 2195 321 2230 et
351 2181 653 2229 testimonium
680 2180 768 2238 est,
804 2181 925 2243 quod
958 2179 1033 2243 qui
1068 2181 1122 2226 ab
1161 2179 1240 2225 illo
1276 2180 1561 2238 nominatur,

280 2254 482 2318 magister
511 2255 712 2319 equitum
745 2252 820 2301 est.
856 2257 1007 2317 Aeque
1038 2267 1187 2311 notat,
1213 2254 1453 2301 Romulum
1485 2271 1561 2316 pe-

280 2328 379 2374 riffe
417 2327 517 2374 solis
551 2325 811 2374 defeElione.
857 2327 1229 2374 Provocationem
1263 2328 1316 2373 ad
1345 2327 1562 2389 populum

282 2401 412 2448 etiam
439 2417 464 2447 a
489 2401 663 2464 regibus
689 2400 827 2447 fuiffe.
852 2399 899 2446 id
925 2401 984 2447 ita
1013 2401 1058 2447 in
1092 2399 1417 2448 Pontificalibus
1443 2400 1562 2446 libris

280 2473 415 2537 aliqui
457 2485 650 2544 putant,
684 2488 727 2522 et
760 2472 1006 2523 Fenestella.
1061 2468 1261 2523 Eosdem'
1287 2473 1425 2525 libros
1459 2489 1560 2522 cum
