<?xml version="1.0" encoding="UTF-8"?>
<!DOCTYPE html PUBLIC "-//W3C//DTD XHTML 1.0 Transitional//EN"
    "http://www.w3.org/TR/xhtml1/DTD/xhtml1-transitional.dtd">
<html xmlns="http://www.w3.org/1999/xhtml" xml:lang="en" lang="en">
 <head>
  <title>
</title>
<meta http-equiv="Content-Type" content="text/html;charset=utf-8" />
  <meta name='ocr-system' content='tesseract 3.04.00' />
  <meta name='ocr-capabilities' content='ocr_page ocr_carea ocr_par ocr_line ocrx_word'/>
</head>
<body>
  <div class='ocr_page' id='page_1' title='image "./lannaeisenecaeph04seneuoft_0375.png"; bbox 0 0 1730 2870; ppageno 0'>
   <div class='ocr_carea' id='block_1_1' title="bbox 359 85 1449 161">
    <p class='ocr_par' dir='ltr' id='par_1_1' title="bbox 359 85 1449 161">
     <span class='ocr_line' id='line_1_1' title="bbox 359 85 1449 161; baseline 0.005 -30"><span class='ocrx_word' id='word_1_1' title='bbox 359 85 620 131; x_wconf 85' lang='lat' dir='ltr'><strong>NATUR.</strong></span> <span class='ocrx_word' id='word_1_2' title='bbox 655 85 954 161; x_wconf 68' lang='lat' dir='ltr'><strong>QUAEST.</strong></span> <span class='ocrx_word' id='word_1_3' title='bbox 1002 87 1119 132; x_wconf 64' lang='grc' dir='ltr'><strong>ΜΒ.</strong></span> <span class='ocrx_word' id='word_1_4' title='bbox 1156 89 1250 133; x_wconf 81' lang='lat' dir='ltr'><strong>vu.</strong></span> <span class='ocrx_word' id='word_1_5' title='bbox 1358 91 1449 153; x_wconf 76' lang='lat'><strong>369</strong></span> 
     </span>
    </p>
   </div>
   <div class='ocr_carea' id='block_1_2' title="bbox 167 187 1455 761">
    <p class='ocr_par' dir='ltr' id='par_1_2' title="bbox 167 187 1453 542">
     <span class='ocr_line' id='line_1_2' title="bbox 168 187 1450 252; baseline 0.004 -17"><span class='ocrx_word' id='word_1_6' title='bbox 168 205 326 236; x_wconf 79' lang='lat' dir='ltr'><strong>eorum</strong></span> <span class='ocrx_word' id='word_1_7' title='bbox 337 188 583 236; x_wconf 83' lang='lat' dir='ltr'><strong>confideres</strong></span> <span class='ocrx_word' id='word_1_8' title='bbox 595 224 609 246; x_wconf 83' lang='lat'>‚</span> <span class='ocrx_word' id='word_1_9' title='bbox 620 187 708 235; x_wconf 83' lang='lat' dir='ltr'><strong>five</strong></span> <span class='ocrx_word' id='word_1_10' title='bbox 723 187 939 252; x_wconf 82' lang='lat' dir='ltr'><strong>fulgorem</strong></span> <span class='ocrx_word' id='word_1_11' title='bbox 948 224 962 246; x_wconf 89' lang='lat'><strong>‚</strong></span> <span class='ocrx_word' id='word_1_12' title='bbox 976 192 1053 252; x_wconf 81' lang='lat' dir='ltr'><strong>qui</strong></span> <span class='ocrx_word' id='word_1_13' title='bbox 1068 191 1209 238; x_wconf 85' lang='lat' dir='ltr'><strong>maior</strong></span> <span class='ocrx_word' id='word_1_14' title='bbox 1221 192 1281 239; x_wconf 81' lang='lat' dir='ltr'><strong>est</strong></span> <span class='ocrx_word' id='word_1_15' title='bbox 1295 196 1450 240; x_wconf 84' lang='lat' dir='ltr'><strong>arden·</strong></span> 
     </span>
     <span class='ocr_line' id='line_1_3' title="bbox 167 261 1452 328; baseline 0.003 -20"><span class='ocrx_word' id='word_1_16' title='bbox 167 262 344 326; x_wconf 84' lang='lat' dir='ltr'><strong>tiorque</strong></span> <span class='ocrx_word' id='word_1_17' title='bbox 358 278 489 325; x_wconf 85' lang='lat' dir='ltr'><strong>quam</strong></span> <span class='ocrx_word' id='word_1_18' title='bbox 517 261 683 308; x_wconf 87' lang='lat' dir='ltr'><strong>ceteris.</strong></span> <span class='ocrx_word' id='word_1_19' title='bbox 703 263 848 307; x_wconf 81' lang='lat' dir='ltr'><strong>Facies</strong></span> <span class='ocrx_word' id='word_1_20' title='bbox 866 278 975 309; x_wconf 87' lang='lat' dir='ltr'><strong>vero</strong></span> <span class='ocrx_word' id='word_1_21' title='bbox 998 264 1125 310; x_wconf 85' lang='lat' dir='ltr'><strong>habet</strong></span> <span class='ocrx_word' id='word_1_22' title='bbox 1149 265 1310 328; x_wconf 79' lang='lat' dir='ltr'><strong>infigne</strong></span> <span class='ocrx_word' id='word_1_23' title='bbox 1323 267 1452 328; x_wconf 86' lang='lat' dir='ltr'><strong>quid·</strong></span> 
     </span>
     <span class='ocr_line' id='line_1_4' title="bbox 170 332 1453 396; baseline 0.003 -16"><span class='ocrx_word' id='word_1_24' title='bbox 170 334 268 380; x_wconf 85' lang='lat' dir='ltr'><strong>dam</strong></span> <span class='ocrx_word' id='word_1_25' title='bbox 288 346 330 380; x_wconf 87' lang='lat' dir='ltr'><strong>et</strong></span> <span class='ocrx_word' id='word_1_26' title='bbox 344 334 570 396; x_wconf 81' lang='lat' dir='ltr'><strong>fingulare,</strong></span> <span class='ocrx_word' id='word_1_27' title='bbox 591 332 738 380; x_wconf 87' lang='lat' dir='ltr'><strong>nonin</strong></span> <span class='ocrx_word' id='word_1_28' title='bbox 756 333 980 396; x_wconf 82' lang='lat' dir='ltr'><strong>angustum</strong></span> <span class='ocrx_word' id='word_1_29' title='bbox 997 336 1196 382; x_wconf 67' lang='lat' dir='ltr'><strong>coniesta</strong></span> <span class='ocrx_word' id='word_1_30' title='bbox 1209 351 1252 384; x_wconf 91' lang='lat' dir='ltr'><strong>et</strong></span> <span class='ocrx_word' id='word_1_31' title='bbox 1268 339 1424 384; x_wconf 62' lang='lat' dir='ltr'><strong>afflata</strong></span> <span class='ocrx_word' id='word_1_32' title='bbox 1438 372 1453 395; x_wconf 84' lang='lat'>,</span> 
     </span>
     <span class='ocr_line' id='line_1_5' title="bbox 168 405 1453 474; baseline 0.005 -23"><span class='ocrx_word' id='word_1_33' title='bbox 168 405 241 452; x_wconf 88' lang='lat' dir='ltr'><strong>sed</strong></span> <span class='ocrx_word' id='word_1_34' title='bbox 271 405 440 452; x_wconf 70' lang='lat' dir='ltr'><strong>dimissa</strong></span> <span class='ocrx_word' id='word_1_35' title='bbox 471 405 668 464; x_wconf 85' lang='lat' dir='ltr'><strong>liberius,</strong></span> <span class='ocrx_word' id='word_1_36' title='bbox 689 419 731 453; x_wconf 84' lang='lat' dir='ltr'><strong>et</strong></span> <span class='ocrx_word' id='word_1_37' title='bbox 757 407 988 454; x_wconf 80' lang='lat' dir='ltr'><strong>multarum</strong></span> <span class='ocrx_word' id='word_1_38' title='bbox 1013 408 1224 456; x_wconf 80' lang='lat' dir='ltr'><strong>stellarum</strong></span> <span class='ocrx_word' id='word_1_39' title='bbox 1257 411 1453 474; x_wconf 79' lang='lat' dir='ltr'><strong>amplexa</strong></span> 
     </span>
     <span class='ocr_line' id='line_1_6' title="bbox 168 478 409 542; baseline -0.004 -18"><span class='ocrx_word' id='word_1_40' title='bbox 168 478 409 542; x_wconf 85' lang='lat' dir='ltr'><strong>regionem.</strong></span> 
     </span>
    </p>

    <p class='ocr_par' dir='ltr' id='par_1_3' title="bbox 171 550 1455 761">
     <span class='ocr_line' id='line_1_7' title="bbox 235 550 1453 616; baseline 0.005 -20"><span class='ocrx_word' id='word_1_41' title='bbox 235 551 449 597; x_wconf 83' lang='lat' dir='ltr'>XXVIII.</span> <span class='ocrx_word' id='word_1_42' title='bbox 471 550 722 598; x_wconf 84' lang='lat' dir='ltr'><strong>Aristoteles</strong></span> <span class='ocrx_word' id='word_1_43' title='bbox 741 551 799 598; x_wconf 86' lang='lat' dir='ltr'><strong>ait</strong></span> <span class='ocrx_word' id='word_1_44' title='bbox 813 586 826 607; x_wconf 91' lang='lat'><strong>,</strong></span> <span class='ocrx_word' id='word_1_45' title='bbox 853 553 1061 599; x_wconf 85' lang='lat' dir='ltr'><strong>Cometas</strong></span> <span class='ocrx_word' id='word_1_46' title='bbox 1081 552 1319 616; x_wconf 79' lang='lat' dir='ltr'><strong>fignificare</strong></span> <span class='ocrx_word' id='word_1_47' title='bbox 1341 567 1453 602; x_wconf 85' lang='lat' dir='ltr'><strong>tem—</strong></span> 
     </span>
     <span class='ocr_line' id='line_1_8' title="bbox 171 621 1455 690; baseline 0.006 -24"><span class='ocrx_word' id='word_1_48' title='bbox 171 621 380 684; x_wconf 88' lang='lat' dir='ltr'><strong>pestatem</strong></span> <span class='ocrx_word' id='word_1_49' title='bbox 407 658 420 681; x_wconf 90' lang='lat'>,</span> <span class='ocrx_word' id='word_1_50' title='bbox 454 636 496 669; x_wconf 90' lang='lat' dir='ltr'><strong>et</strong></span> <span class='ocrx_word' id='word_1_51' title='bbox 533 639 771 670; x_wconf 88' lang='lat' dir='ltr'><strong>ventorum</strong></span> <span class='ocrx_word' id='word_1_52' title='bbox 805 625 1181 687; x_wconf 80' lang='lat' dir='ltr'>intemperantiam</span> <span class='ocrx_word' id='word_1_53' title='bbox 1217 640 1347 690; x_wconf 83' lang='lat' dir='ltr'><strong>atque</strong></span> <span class='ocrx_word' id='word_1_54' title='bbox 1371 629 1455 674; x_wconf 86' lang='lat' dir='ltr'><strong>im-</strong></span> 
     </span>
     <span class='ocr_line' id='line_1_9' title="bbox 172 695 1454 761; baseline 0.005 -21"><span class='ocrx_word' id='word_1_55' title='bbox 172 695 331 742; x_wconf 85' lang='lat' dir='ltr'><strong>brium.</strong></span> <span class='ocrx_word' id='word_1_56' title='bbox 349 697 474 755; x_wconf 83' lang='lat' dir='ltr'><strong>Quid</strong></span> <span class='ocrx_word' id='word_1_57' title='bbox 502 712 612 759; x_wconf 78' lang='lat' dir='ltr'><strong>ergo</strong></span> <span class='ocrx_word' id='word_1_58' title='bbox 632 697 648 741; x_wconf 83' lang='lat'>?</span> <span class='ocrx_word' id='word_1_59' title='bbox 670 714 759 743; x_wconf 85' lang='lat' dir='ltr'><strong>non</strong></span> <span class='ocrx_word' id='word_1_60' title='bbox 778 697 940 744; x_wconf 82' lang='lat' dir='ltr'><strong>iudicas</strong></span> <span class='ocrx_word' id='word_1_61' title='bbox 964 698 1075 744; x_wconf 85' lang='lat' dir='ltr'><strong>fidus</strong></span> <span class='ocrx_word' id='word_1_62' title='bbox 1097 698 1180 745; x_wconf 79' lang='lat' dir='ltr'><strong>effe</strong></span> <span class='ocrx_word' id='word_1_63' title='bbox 1202 734 1215 755; x_wconf 86' lang='lat'><strong>‚</strong></span> <span class='ocrx_word' id='word_1_64' title='bbox 1238 702 1362 761; x_wconf 84' lang='lat' dir='ltr'><strong>quod</strong></span> <span class='ocrx_word' id='word_1_65' title='bbox 1382 699 1454 747; x_wconf 86' lang='lat' dir='ltr'><strong>fu-</strong></span> 
     </span>
    </p>
   </div>
   <div class='ocr_carea' id='block_1_3' title="bbox 174 771 1453 905">
    <p class='ocr_par' dir='ltr' id='par_1_4' title="bbox 174 771 1453 905">
     <span class='ocr_line' id='line_1_10' title="bbox 174 771 1453 836; baseline 0.005 -21"><span class='ocrx_word' id='word_1_66' title='bbox 174 783 267 815; x_wconf 85' lang='lat' dir='ltr'><strong>tura</strong></span> <span class='ocrx_word' id='word_1_67' title='bbox 279 771 508 816; x_wconf 86' lang='lat' dir='ltr'><strong>denuntiat</strong></span> <span class='ocrx_word' id='word_1_68' title='bbox 529 771 545 815; x_wconf 73' lang='lat'><strong>,²</strong></span> <span class='ocrx_word' id='word_1_69' title='bbox 577 772 682 816; x_wconf 91' lang='lat' dir='ltr'><strong>Non</strong></span> <span class='ocrx_word' id='word_1_70' title='bbox 695 772 811 817; x_wconf 83' lang='lat' dir='ltr'><strong>enirn</strong></span> <span class='ocrx_word' id='word_1_71' title='bbox 833 771 889 818; x_wconf 85' lang='lat' dir='ltr'><strong>fic</strong></span> <span class='ocrx_word' id='word_1_72' title='bbox 911 773 997 820; x_wconf 88' lang='lat' dir='ltr'><strong>hoc</strong></span> <span class='ocrx_word' id='word_1_73' title='bbox 1011 771 1273 836; x_wconf 82' lang='lat' dir='ltr'><strong>tempestatis</strong></span> <span class='ocrx_word' id='word_1_74' title='bbox 1287 772 1453 836; x_wconf 83' lang='lat' dir='ltr'><strong>fignum</strong></span> 
     </span>
     <span class='ocr_line' id='line_1_11' title="bbox 175 841 915 905; baseline 0.004 -18"><span class='ocrx_word' id='word_1_75' title='bbox 175 841 233 888; x_wconf 85' lang='lat' dir='ltr'><strong>est</strong></span> <span class='ocrx_word' id='word_1_76' title='bbox 252 874 266 897; x_wconf 95' lang='lat'><strong>‚</strong></span> <span class='ocrx_word' id='word_1_77' title='bbox 285 844 519 905; x_wconf 89' lang='lat' dir='ltr'><strong>quomodo</strong></span> <span class='ocrx_word' id='word_1_78' title='bbox 540 842 706 889; x_wconf 84' lang='lat' dir='ltr'><strong>futurae</strong></span> <span class='ocrx_word' id='word_1_79' title='bbox 729 844 915 905; x_wconf 83' lang='lat' dir='ltr'><strong>pluviae.</strong></span> 
     </span>
    </p>
   </div>
   <div class='ocr_carea' id='block_1_4' title="bbox 176 962 1458 1153">
    <p class='ocr_par' dir='ltr' id='par_1_5' title="bbox 176 962 1458 1153">
     <span class='ocr_line' id='line_1_12' title="bbox 240 962 1340 1032; baseline 0.003 -20"><span class='ocrx_word' id='word_1_80' title='bbox 240 968 476 1012; x_wconf 77' lang='lat' dir='ltr'><strong>Scintillare</strong></span> <span class='ocrx_word' id='word_1_81' title='bbox 501 969 630 1012; x_wconf 73' lang='lat' dir='ltr'><strong>oleum</strong></span> <span class='ocrx_word' id='word_1_82' title='bbox 653 1002 667 1023; x_wconf 92' lang='lat'>,</span> <span class='ocrx_word' id='word_1_83' title='bbox 686 962 728 1012; x_wconf 74' lang='lat' dir='ltr'><strong>G·</strong></span> <span class='ocrx_word' id='word_1_84' title='bbox 739 982 881 1028; x_wconf 83' lang='lat' dir='ltr'><strong>putres</strong></span> <span class='ocrx_word' id='word_1_85' title='bbox 900 967 1134 1029; x_wconf 60' lang='lat' dir='ltr'><strong>concrescere</strong></span> <span class='ocrx_word' id='word_1_86' title='bbox 1140 971 1305 1032; x_wconf 78' lang='lat' dir='ltr'><strong>fungos</strong></span> <span class='ocrx_word' id='word_1_87' title='bbox 1324 984 1340 1015; x_wconf 85' lang='lat'><em>:</em></span> 
     </span>
     <span class='ocr_line' id='line_1_13' title="bbox 176 1089 1458 1153; baseline 0.005 -17"><span class='ocrx_word' id='word_1_88' title='bbox 176 1103 248 1136; x_wconf 89' lang='lat' dir='ltr'><strong>aut</strong></span> <span class='ocrx_word' id='word_1_89' title='bbox 261 1090 493 1153; x_wconf 88' lang='lat' dir='ltr'><strong>quomodo</strong></span> <span class='ocrx_word' id='word_1_90' title='bbox 512 1089 722 1137; x_wconf 84' lang='lat' dir='ltr'><strong>indicium</strong></span> <span class='ocrx_word' id='word_1_91' title='bbox 741 1091 801 1138; x_wconf 83' lang='lat' dir='ltr'><strong>est</strong></span> <span class='ocrx_word' id='word_1_92' title='bbox 817 1092 1018 1139; x_wconf 81' lang='lat' dir='ltr'>saevituri</span> <span class='ocrx_word' id='word_1_93' title='bbox 1040 1092 1168 1141; x_wconf 83' lang='lat' dir='ltr'><strong>maris</strong></span> <span class='ocrx_word' id='word_1_94' title='bbox 1180 1129 1193 1152; x_wconf 96' lang='lat'>,</span> <span class='ocrx_word' id='word_1_95' title='bbox 1209 1093 1239 1140; x_wconf 83' lang='lat' dir='ltr'>fi</span> <span class='ocrx_word' id='word_1_96' title='bbox 1261 1092 1458 1143; x_wconf 79' lang='lat' dir='ltr'><strong>marinae</strong></span> 
     </span>
    </p>
   </div>
   <div class='ocr_carea' id='block_1_5' title="bbox 240 1215 1358 1349">
    <p class='ocr_par' dir='ltr' id='par_1_6' title="bbox 240 1215 1358 1349">
     <span class='ocr_line' id='line_1_14' title="bbox 240 1215 1174 1279; baseline 0.004 -19"><span class='ocrx_word' id='word_1_97' title='bbox 240 1215 408 1279; x_wconf 72' lang='lat' dir='ltr'><strong>Inficco</strong></span> <span class='ocrx_word' id='word_1_98' title='bbox 425 1216 743 1273; x_wconf 77' lang='lat' dir='ltr'><strong>lttdurztfuliccze</strong></span> <span class='ocrx_word' id='word_1_99' title='bbox 760 1235 781 1271; x_wconf 78' lang='lat'><strong>,-</strong></span> <span class='ocrx_word' id='word_1_100' title='bbox 796 1217 990 1277; x_wconf 64' lang='lat' dir='ltr'><strong>nocaffiue</strong></span> <span class='ocrx_word' id='word_1_101' title='bbox 1000 1221 1174 1277; x_wconf 77' lang='lat' dir='ltr'><strong>paludes</strong></span> 
     </span>
     <span class='ocr_line' id='line_1_15' title="bbox 240 1289 1358 1349; baseline 0.004 -17"><span class='ocrx_word' id='word_1_102' title='bbox 240 1289 429 1347; x_wconf 60' lang='lat' dir='ltr'><strong>Deserit,</strong></span> <span class='ocrx_word' id='word_1_103' title='bbox 457 1304 576 1348; x_wconf 71' lang='lat' dir='ltr'><strong>atque</strong></span> <span class='ocrx_word' id='word_1_104' title='bbox 598 1291 730 1332; x_wconf 77' lang='lat' dir='ltr'><strong>altam</strong></span> <span class='ocrx_word' id='word_1_105' title='bbox 744 1289 875 1349; x_wconf 79' lang='lat' dir='ltr'><strong>fitpra</strong></span> <span class='ocrx_word' id='word_1_106' title='bbox 896 1294 1010 1335; x_wconf 73' lang='lat' dir='ltr'><strong>volae</strong></span> <span class='ocrx_word' id='word_1_107' title='bbox 1037 1295 1158 1337; x_wconf 73' lang='lat' dir='ltr'><strong>ardea</strong></span> <span class='ocrx_word' id='word_1_108' title='bbox 1177 1293 1321 1337; x_wconf 74' lang='lat' dir='ltr'><strong>nubem</strong></span> <span class='ocrx_word' id='word_1_109' title='bbox 1341 1308 1358 1337; x_wconf 89' lang='lat'><em>:</em></span> 
     </span>
    </p>
   </div>
   <div class='ocr_carea' id='block_1_6' title="bbox 138 1417 1468 2354">
    <p class='ocr_par' dir='ltr' id='par_1_7' title="bbox 138 1417 1468 2354">
     <span class='ocr_line' id='line_1_16' title="bbox 179 1417 1468 1487; baseline 0.005 -23"><span class='ocrx_word' id='word_1_110' title='bbox 179 1417 249 1466; x_wconf 88' lang='lat' dir='ltr'><strong>sed</strong></span> <span class='ocrx_word' id='word_1_111' title='bbox 265 1419 322 1466; x_wconf 88' lang='lat' dir='ltr'><strong>fic</strong></span> <span class='ocrx_word' id='word_1_112' title='bbox 338 1451 353 1474; x_wconf 87' lang='lat'>‚</span> <span class='ocrx_word' id='word_1_113' title='bbox 371 1417 606 1483; x_wconf 85' lang='lat' dir='ltr'><strong>quomodo</strong></span> <span class='ocrx_word' id='word_1_114' title='bbox 624 1419 948 1482; x_wconf 72' lang='lat' dir='ltr'><strong>aequinoffium</strong></span> <span class='ocrx_word' id='word_1_115' title='bbox 970 1421 1013 1467; x_wconf 92' lang='lat' dir='ltr'><strong>in</strong></span> <span class='ocrx_word' id='word_1_116' title='bbox 1035 1421 1225 1469; x_wconf 84' lang='lat' dir='ltr'><strong>calorem</strong></span> <span class='ocrx_word' id='word_1_117' title='bbox 1240 1420 1468 1487; x_wconf 64' lang='lat' dir='ltr'><strong>frigusque·v</strong></span> 
     </span>
     <span class='ocr_line' id='line_1_17' title="bbox 178 1491 1457 1557; baseline 0.004 -20"><span class='ocrx_word' id='word_1_118' title='bbox 178 1491 385 1539; x_wconf 72' lang='lat' dir='ltr'><strong>fle&amp;entis</strong></span> <span class='ocrx_word' id='word_1_119' title='bbox 401 1493 525 1549; x_wconf 82' lang='lat' dir='ltr'><strong>anni,</strong></span> <span class='ocrx_word' id='word_1_120' title='bbox 555 1495 788 1556; x_wconf 86' lang='lat' dir='ltr'><strong>quomodo</strong></span> <span class='ocrx_word' id='word_1_121' title='bbox 807 1494 876 1539; x_wconf 70' lang='lat' dir='ltr'><strong>illa</strong></span> <span class='ocrx_word' id='word_1_122' title='bbox 897 1511 1007 1557; x_wconf 87' lang='lat' dir='ltr'><strong>quae</strong></span> <span class='ocrx_word' id='word_1_123' title='bbox 1034 1494 1244 1541; x_wconf 73' lang='lat' dir='ltr'><strong>Chaldaei</strong></span> <span class='ocrx_word' id='word_1_124' title='bbox 1265 1509 1424 1542; x_wconf 85' lang='lat' dir='ltr'><strong>canunt</strong></span> <span class='ocrx_word' id='word_1_125' title='bbox 1443 1531 1457 1551; x_wconf 82' lang='lat'>,</span> 
     </span>
     <span class='ocr_line' id='line_1_18' title="bbox 138 1565 1459 1629; baseline 0.003 -17"><span class='ocrx_word' id='word_1_126' title='bbox 138 1591 144 1596; x_wconf 81' lang='lat'><em>·</em></span> <span class='ocrx_word' id='word_1_127' title='bbox 178 1566 284 1629; x_wconf 87' lang='lat' dir='ltr'><strong>quid</strong></span> <span class='ocrx_word' id='word_1_128' title='bbox 303 1565 417 1612; x_wconf 87' lang='lat' dir='ltr'><strong>stella</strong></span> <span class='ocrx_word' id='word_1_129' title='bbox 430 1565 700 1612; x_wconf 83' lang='lat' dir='ltr'><strong>nascentibus</strong></span> <span class='ocrx_word' id='word_1_130' title='bbox 721 1565 837 1612; x_wconf 87' lang='lat' dir='ltr'><strong>triste</strong></span> <span class='ocrx_word' id='word_1_131' title='bbox 854 1566 1072 1616; x_wconf 76' lang='lat' dir='ltr'>laetumve</span> <span class='ocrx_word' id='word_1_132' title='bbox 1091 1566 1339 1614; x_wconf 81' lang='lat' dir='ltr'><strong>constituat.</strong></span> <span class='ocrx_word' id='word_1_133' title='bbox 1356 1568 1459 1616; x_wconf 85' lang='lat' dir='ltr'><strong>Hoc</strong></span> 
     </span>
     <span class='ocr_line' id='line_1_19' title="bbox 181 1636 1465 1694; baseline 0.002 -10"><span class='ocrx_word' id='word_1_134' title='bbox 181 1650 226 1684; x_wconf 93' lang='lat' dir='ltr'><strong>ut</strong></span> <span class='ocrx_word' id='word_1_135' title='bbox 254 1637 357 1684; x_wconf 86' lang='lat' dir='ltr'><strong>scias</strong></span> <span class='ocrx_word' id='word_1_136' title='bbox 375 1637 434 1683; x_wconf 79' lang='lat' dir='ltr'><strong>ita</strong></span> <span class='ocrx_word' id='word_1_137' title='bbox 452 1636 535 1683; x_wconf 78' lang='lat' dir='ltr'><strong>effe</strong></span> <span class='ocrx_word' id='word_1_138' title='bbox 550 1673 565 1694; x_wconf 94' lang='lat'>,</span> <span class='ocrx_word' id='word_1_139' title='bbox 599 1653 689 1684; x_wconf 90' lang='lat' dir='ltr'><strong>non</strong></span> <span class='ocrx_word' id='word_1_140' title='bbox 710 1637 849 1683; x_wconf 87' lang='lat' dir='ltr'><strong>statim</strong></span> <span class='ocrx_word' id='word_1_141' title='bbox 867 1638 1077 1685; x_wconf 81' lang='lat' dir='ltr'><strong>Cometes</strong></span> <span class='ocrx_word' id='word_1_142' title='bbox 1096 1654 1219 1685; x_wconf 84' lang='lat' dir='ltr'><strong>ortus</strong></span> <span class='ocrx_word' id='word_1_143' title='bbox 1243 1650 1401 1685; x_wconf 87' lang='lat' dir='ltr'><strong>ventos</strong></span> <span class='ocrx_word' id='word_1_144' title='bbox 1418 1651 1465 1686; x_wconf 79' lang='lat' dir='ltr'><strong>et</strong></span> 
     </span>
     <span class='ocr_line' id='line_1_20' title="bbox 183 1708 1461 1771; baseline 0.002 -16"><span class='ocrx_word' id='word_1_145' title='bbox 183 1710 348 1771; x_wconf 86' lang='lat' dir='ltr'><strong>pluvias</strong></span> <span class='ocrx_word' id='word_1_146' title='bbox 367 1709 556 1755; x_wconf 88' lang='lat' dir='ltr'><strong>minatur</strong></span> <span class='ocrx_word' id='word_1_147' title='bbox 576 1745 589 1766; x_wconf 95' lang='lat'>,</span> <span class='ocrx_word' id='word_1_148' title='bbox 611 1722 659 1755; x_wconf 87' lang='lat' dir='ltr'><strong>ut</strong></span> <span class='ocrx_word' id='word_1_149' title='bbox 676 1708 928 1756; x_wconf 79' lang='lat' dir='ltr'><strong>Aristoteles</strong></span> <span class='ocrx_word' id='word_1_150' title='bbox 946 1709 1027 1764; x_wconf 84' lang='lat' dir='ltr'><strong>ait,</strong></span> <span class='ocrx_word' id='word_1_151' title='bbox 1048 1709 1120 1756; x_wconf 87' lang='lat' dir='ltr'><strong>sed</strong></span> <span class='ocrx_word' id='word_1_152' title='bbox 1135 1727 1296 1755; x_wconf 85' lang='lat' dir='ltr'><strong>annum</strong></span> <span class='ocrx_word' id='word_1_153' title='bbox 1314 1722 1461 1758; x_wconf 84' lang='lat' dir='ltr'><strong>totum</strong></span> 
     </span>
     <span class='ocr_line' id='line_1_21' title="bbox 182 1779 1462 1844; baseline 0 -16"><span class='ocrx_word' id='word_1_154' title='bbox 182 1781 419 1844; x_wconf 66' lang='lat' dir='ltr'><strong>suspeffilm</strong></span> <span class='ocrx_word' id='word_1_155' title='bbox 447 1779 565 1828; x_wconf 88' lang='lat' dir='ltr'><strong>facit.</strong></span> <span class='ocrx_word' id='word_1_156' title='bbox 597 1782 661 1825; x_wconf 85' lang='lat' dir='ltr'><strong>Ex</strong></span> <span class='ocrx_word' id='word_1_157' title='bbox 683 1797 773 1843; x_wconf 87' lang='lat' dir='ltr'><strong>quo</strong></span> <span class='ocrx_word' id='word_1_158' title='bbox 794 1793 1004 1843; x_wconf 87' lang='lat' dir='ltr'><strong>apparet,</strong></span> <span class='ocrx_word' id='word_1_159' title='bbox 1036 1780 1154 1827; x_wconf 76' lang='lat' dir='ltr'><strong>illum</strong></span> <span class='ocrx_word' id='word_1_160' title='bbox 1174 1798 1264 1827; x_wconf 82' lang='lat' dir='ltr'><strong>non</strong></span> <span class='ocrx_word' id='word_1_161' title='bbox 1281 1799 1333 1828; x_wconf 86' lang='lat' dir='ltr'><strong>ex</strong></span> <span class='ocrx_word' id='word_1_162' title='bbox 1352 1799 1462 1844; x_wconf 79' lang='lat' dir='ltr'><strong>pro·-</strong></span> 
     </span>
     <span class='ocr_line' id='line_1_22' title="bbox 183 1853 1466 1916; baseline 0.002 -17"><span class='ocrx_word' id='word_1_163' title='bbox 183 1855 306 1900; x_wconf 83' lang='lat' dir='ltr'><strong>ximo</strong></span> <span class='ocrx_word' id='word_1_164' title='bbox 324 1889 337 1911; x_wconf 90' lang='lat'><strong>,</strong></span> <span class='ocrx_word' id='word_1_165' title='bbox 355 1870 467 1916; x_wconf 86' lang='lat' dir='ltr'><strong>quae</strong></span> <span class='ocrx_word' id='word_1_166' title='bbox 490 1853 534 1898; x_wconf 87' lang='lat' dir='ltr'><strong>in</strong></span> <span class='ocrx_word' id='word_1_167' title='bbox 562 1853 816 1915; x_wconf 80' lang='lat' dir='ltr'><strong>proximum</strong></span> <span class='ocrx_word' id='word_1_168' title='bbox 846 1853 996 1909; x_wconf 86' lang='lat' dir='ltr'><strong>daret,</strong></span> <span class='ocrx_word' id='word_1_169' title='bbox 1027 1853 1141 1916; x_wconf 81' lang='lat' dir='ltr'><strong>figna</strong></span> <span class='ocrx_word' id='word_1_170' title='bbox 1165 1853 1363 1911; x_wconf 65' lang='lat' dir='ltr'><strong>traxisse,</strong></span> <span class='ocrx_word' id='word_1_171' title='bbox 1392 1855 1466 1902; x_wconf 73' lang='lat' dir='ltr'><strong>sed</strong></span> 
     </span>
     <span class='ocr_line' id='line_1_23' title="bbox 183 1925 1465 1989; baseline 0.003 -18"><span class='ocrx_word' id='word_1_172' title='bbox 183 1926 342 1972; x_wconf 84' lang='lat' dir='ltr'><strong>habere</strong></span> <span class='ocrx_word' id='word_1_173' title='bbox 369 1926 554 1988; x_wconf 71' lang='lat' dir='ltr'><strong>repoiita</strong></span> <span class='ocrx_word' id='word_1_174' title='bbox 581 1937 622 1972; x_wconf 88' lang='lat' dir='ltr'><strong>et</strong></span> <span class='ocrx_word' id='word_1_175' title='bbox 655 1925 894 1987; x_wconf 68' lang='lat' dir='ltr'><strong>compressa</strong></span> <span class='ocrx_word' id='word_1_176' title='bbox 915 1925 1080 1989; x_wconf 82' lang='lat' dir='ltr'><strong>legibus</strong></span> <span class='ocrx_word' id='word_1_177' title='bbox 1100 1927 1264 1972; x_wconf 85' lang='lat' dir='ltr'><strong>mundi.</strong></span> <span class='ocrx_word' id='word_1_178' title='bbox 1297 1927 1465 1975; x_wconf 76' lang='lat' dir='ltr'><strong>Fecitis</strong></span> 
     </span>
     <span class='ocr_line' id='line_1_24' title="bbox 184 1998 1463 2062; baseline 0.002 -18"><span class='ocrx_word' id='word_1_179' title='bbox 184 2000 417 2056; x_wconf 85' lang='lat' dir='ltr'><strong>Cometes,</strong></span> <span class='ocrx_word' id='word_1_180' title='bbox 439 1999 513 2061; x_wconf 87' lang='lat' dir='ltr'><strong>qui</strong></span> <span class='ocrx_word' id='word_1_181' title='bbox 533 1998 760 2045; x_wconf 84' lang='lat' dir='ltr'><strong>Paterculo</strong></span> <span class='ocrx_word' id='word_1_182' title='bbox 778 2011 819 2043; x_wconf 89' lang='lat' dir='ltr'><strong>et</strong></span> <span class='ocrx_word' id='word_1_183' title='bbox 839 1999 1039 2061; x_wconf 84' lang='lat' dir='ltr'><strong>Vopisco</strong></span> <span class='ocrx_word' id='word_1_184' title='bbox 1059 2000 1307 2046; x_wconf 81' lang='lat' dir='ltr'><strong>consulibus</strong></span> <span class='ocrx_word' id='word_1_185' title='bbox 1330 2017 1463 2062; x_wconf 84' lang='lat' dir='ltr'><strong>appa·</strong></span> 
     </span>
     <span class='ocr_line' id='line_1_25' title="bbox 184 2070 1466 2135; baseline 0.002 -19"><span class='ocrx_word' id='word_1_186' title='bbox 184 2071 299 2127; x_wconf 88' lang='lat' dir='ltr'><strong>ruit,</strong></span> <span class='ocrx_word' id='word_1_187' title='bbox 321 2088 430 2134; x_wconf 86' lang='lat' dir='ltr'><strong>quae</strong></span> <span class='ocrx_word' id='word_1_188' title='bbox 454 2070 508 2116; x_wconf 92' lang='lat' dir='ltr'><strong>ab</strong></span> <span class='ocrx_word' id='word_1_189' title='bbox 534 2070 763 2117; x_wconf 83' lang='lat' dir='ltr'><strong>Aristotele</strong></span> <span class='ocrx_word' id='word_1_190' title='bbox 787 2071 1180 2135; x_wconf 81' lang='lat' dir='ltr'><strong>Theophrastoque</strong></span> <span class='ocrx_word' id='word_1_191' title='bbox 1213 2071 1311 2119; x_wconf 90' lang='lat' dir='ltr'><strong>sunt</strong></span> <span class='ocrx_word' id='word_1_192' title='bbox 1338 2090 1466 2135; x_wconf 68' lang='lat' dir='ltr'><strong>prae«</strong></span> 
     </span>
     <span class='ocr_line' id='line_1_26' title="bbox 184 2143 1465 2207; baseline 0.002 -18"><span class='ocrx_word' id='word_1_193' title='bbox 184 2144 304 2190; x_wconf 58' lang='lat' dir='ltr'><strong>dicta.</strong></span> <span class='ocrx_word' id='word_1_194' title='bbox 324 2146 510 2190; x_wconf 84' lang='lat' dir='ltr'><strong>Fuerunt</strong></span> <span class='ocrx_word' id='word_1_195' title='bbox 531 2144 646 2190; x_wconf 89' lang='lat' dir='ltr'><strong>enim</strong></span> <span class='ocrx_word' id='word_1_196' title='bbox 665 2143 880 2191; x_wconf 84' lang='lat' dir='ltr'><strong>maximae</strong></span> <span class='ocrx_word' id='word_1_197' title='bbox 897 2159 939 2191; x_wconf 89' lang='lat' dir='ltr'><strong>et</strong></span> <span class='ocrx_word' id='word_1_198' title='bbox 964 2145 1200 2191; x_wconf 70' lang='lat' dir='ltr'><strong>continuae</strong></span> <span class='ocrx_word' id='word_1_199' title='bbox 1227 2145 1465 2207; x_wconf 65' lang='lat' dir='ltr'><strong>tempesta-</strong></span> 
     </span>
     <span class='ocr_line' id='line_1_27' title="bbox 184 2217 1465 2281; baseline 0 -17"><span class='ocrx_word' id='word_1_200' title='bbox 184 2231 245 2264; x_wconf 86' lang='lat' dir='ltr'><strong>tes</strong></span> <span class='ocrx_word' id='word_1_201' title='bbox 264 2217 441 2280; x_wconf 87' lang='lat' dir='ltr'><strong>ubique.</strong></span> <span class='ocrx_word' id='word_1_202' title='bbox 462 2222 521 2263; x_wconf 89' lang='lat' dir='ltr'><strong>At</strong></span> <span class='ocrx_word' id='word_1_203' title='bbox 540 2217 584 2263; x_wconf 91' lang='lat' dir='ltr'><strong>in</strong></span> <span class='ocrx_word' id='word_1_204' title='bbox 600 2217 777 2271; x_wconf 81' lang='lat' dir='ltr'>Achaia,</span> <span class='ocrx_word' id='word_1_205' title='bbox 797 2217 1145 2281; x_wconf 71' lang='lat' dir='ltr'><strong>Macedoniaque</strong></span> <span class='ocrx_word' id='word_1_206' title='bbox 1158 2219 1313 2276; x_wconf 86' lang='lat' dir='ltr'><strong>‚urbes</strong></span> <span class='ocrx_word' id='word_1_207' title='bbox 1328 2230 1465 2266; x_wconf 80' lang='lat' dir='ltr'><strong>terra-</strong></span> 
     </span>
     <span class='ocr_line' id='line_1_28' title="bbox 183 2289 1462 2354; baseline 0.002 -18"><span class='ocrx_word' id='word_1_208' title='bbox 183 2307 282 2336; x_wconf 86' lang='lat' dir='ltr'><strong>rum</strong></span> <span class='ocrx_word' id='word_1_209' title='bbox 305 2290 497 2338; x_wconf 82' lang='lat' dir='ltr'><strong>motibus</strong></span> <span class='ocrx_word' id='word_1_210' title='bbox 515 2301 718 2352; x_wconf 76' lang='lat' dir='ltr'><strong>prorutae</strong></span> <span class='ocrx_word' id='word_1_211' title='bbox 732 2289 839 2335; x_wconf 85' lang='lat' dir='ltr'><strong>sunt.</strong></span> <span class='ocrx_word' id='word_1_212' title='bbox 854 2291 1080 2349; x_wconf 60' lang='lat' dir='ltr'><strong>Tardum,</strong></span> <span class='ocrx_word' id='word_1_213' title='bbox 1100 2292 1263 2354; x_wconf 80' lang='lat' dir='ltr'><strong>inquit,</strong></span> <span class='ocrx_word' id='word_1_214' title='bbox 1285 2292 1462 2340; x_wconf 85' lang='lat' dir='ltr'><strong>illorum</strong></span> 
     </span>
    </p>
   </div>
   <div class='ocr_carea' id='block_1_7' title="bbox 182 2360 1464 2491">
    <p class='ocr_par' dir='ltr' id='par_1_8' title="bbox 182 2360 1464 2491">
     <span class='ocr_line' id='line_1_29' title="bbox 182 2360 1464 2428; baseline 0.004 -21"><span class='ocrx_word' id='word_1_215' title='bbox 182 2370 484 2424; x_wconf 79' lang='lat' dir='ltr'><strong>argumentum</strong></span> <span class='ocrx_word' id='word_1_216' title='bbox 523 2360 582 2407; x_wconf 89' lang='lat' dir='ltr'><strong>est</strong></span> <span class='ocrx_word' id='word_1_217' title='bbox 601 2397 614 2419; x_wconf 88' lang='lat'><strong>,</strong></span> <span class='ocrx_word' id='word_1_218' title='bbox 648 2361 876 2424; x_wconf 75' lang='lat' dir='ltr'><strong>graviores</strong></span> <span class='ocrx_word' id='word_1_219' title='bbox 905 2363 1019 2420; x_wconf 78' lang='lat' dir='ltr'><strong>effe,</strong></span> <span class='ocrx_word' id='word_1_220' title='bbox 1056 2364 1331 2428; x_wconf 86' lang='lat' dir='ltr'><strong>multumque</strong></span> <span class='ocrx_word' id='word_1_221' title='bbox 1350 2365 1395 2413; x_wconf 84' lang='lat' dir='ltr'><strong>in</strong></span> <span class='ocrx_word' id='word_1_222' title='bbox 1423 2365 1464 2412; x_wconf 67' lang='lat' dir='ltr'><strong>se</strong></span> 
     </span>
     <span class='ocr_line' id='line_1_30' title="bbox 247 2437 1210 2491; baseline 0.003 -13"><span class='ocrx_word' id='word_1_223' title='bbox 247 2437 293 2479; x_wconf 90' lang='lat' dir='ltr'><strong>L.</strong></span> <span class='ocrx_word' id='word_1_224' title='bbox 318 2437 437 2479; x_wconf 69' lang='lat' dir='ltr'><strong>Arm.</strong></span> <span class='ocrx_word' id='word_1_225' title='bbox 469 2439 633 2491; x_wconf 57' lang='lat' dir='ltr'><strong>Seneca.</strong></span> <span class='ocrx_word' id='word_1_226' title='bbox 662 2437 755 2479; x_wconf 69' lang='lat' dir='ltr'><strong>Vol.</strong></span> <span class='ocrx_word' id='word_1_227' title='bbox 786 2437 871 2483; x_wconf 77' lang='lat' dir='ltr'><strong>JV,</strong></span> <span class='ocrx_word' id='word_1_228' title='bbox 1130 2438 1168 2481; x_wconf 82' lang='grc' dir='ltr'>Α</span> <span class='ocrx_word' id='word_1_229' title='bbox 1187 2452 1210 2481; x_wconf 80' lang='lat' dir='ltr'><strong>a</strong></span> 
     </span>
    </p>
   </div>
  </div>
 </body>
</html>
