1730 2870
236 109 329 169 346
478 111 526 156 L.
579 108 878 154 ANNAEI
930 109 1286 158 SENECAE

627 257 1004 306 CAPUT
1106 262 1137 308 Ι.

236 366 354 483 Ν
371 444 482 478 EMO
502 431 637 495 usque
657 447 714 478 eo
731 431 880 480 tardus
898 467 912 488 ,
937 444 981 479 et
997 431 1155 493 hebes,
1181 447 1225 482 et
1252 433 1456 483 demissus
1472 433 1519 482 in

229 516 391 551 terram
412 505 474 551 est
487 541 500 560 ‚
525 518 571 552 ut
589 506 645 552 ad
676 505 828 552 divina
845 521 937 552 non
955 506 1143 569 erigatur
1157 542 1172 564 ,
1196 524 1245 555 ac
1262 521 1356 556 tota
1375 521 1521 556 mente

232 578 486 640 consurgat:
506 578 659 642 utique
679 578 753 625 ubi
774 596 944 627 novum
959 579 1138 642 aliquod
1151 597 1176 626 e
1194 581 1323 628 coelo
1339 582 1522 629 miracu-

231 649 322 695 lum
342 649 470 697 fulfit.
491 653 605 698 Nam
632 652 842 715 quamdiu
863 651 988 698 solita
1015 653 1276 711 decurrunt,
1305 654 1521 717 magnitu-

232 724 382 771 dinem
396 741 543 773 rerum
560 727 834 774 confitetudo
851 727 1066 775 subducit.
1085 728 1272 775 ltaenim
1288 729 1522 791 compositi

228 800 401 857 sumus,
431 814 478 848 ut
496 819 578 848 nos
601 803 880 866 quotidiana,
899 803 1063 851 etiamsi
1081 804 1371 851 admiratione
1393 805 1522 868 digna

229 874 354 932 sunt,
385 875 623 922 transeant:
652 891 806 926 contra
830 877 1112 924 minimarum
1132 894 1312 942 quoque
1341 895 1486 924 rerum
1507 911 1523 935 ‚

229 947 259 992 fi
285 947 483 996 insolitae
515 949 814 1012 prodierunt,
848 951 1138 1014 spectaculum
1173 951 1299 998 dulce
1330 950 1414 998 fiat.
1440 953 1526 1000 Hic

230 1019 377 1084 itaque
410 1037 566 1069 coetus
602 1022 816 1070 astrorum
835 1059 848 1082 ,
888 1024 1045 1087 quibus
1082 1024 1280 1071 immenfi
1321 1024 1525 1087 eorporis

229 1093 513 1157 pulchritudo
531 1095 810 1159 distinguitur
824 1131 838 1153 ‚
867 1097 1081 1160 populum
1099 1114 1190 1144 non
1209 1113 1445 1145 convocat.
1465 1100 1526 1144 At

231 1184 332 1213 cum
355 1167 517 1230 aliquid
543 1185 597 1214 ex
622 1185 749 1215 more
782 1180 994 1216 mutatum
1012 1170 1073 1216 est
1090 1206 1104 1229 ‚
1134 1170 1340 1218 omnium
1378 1170 1524 1219 vultus

233 1240 280 1288 in
307 1241 437 1287 coelo
457 1240 532 1288 est.
550 1241 623 1288 Sol
643 1241 928 1305 spectatorem
951 1279 965 1301 ,
998 1244 1074 1290 nifi
1099 1262 1199 1292 cum
1226 1244 1405 1302 deficit,
1435 1260 1525 1290 non

234 1315 377 1363 habet.
397 1316 546 1363 Nemo
565 1316 773 1365 observat
797 1317 943 1364 lunam
958 1350 972 1372 ‚
995 1319 1071 1364 nifi
1089 1319 1376 1366 laborantem.
1395 1320 1525 1365 Tunc

215 1389 364 1456 'urbes
379 1390 680 1447 conclamant,
708 1406 814 1437 tunc
847 1408 929 1453 pro
952 1391 992 1438 se
1018 1392 1201 1455 quisque
1223 1390 1525 1453 superstitione

233 1470 346 1510 vana
378 1461 577 1524 trepidat.
610 1464 792 1522 Quanto
828 1462 899 1508 illa
937 1462 1103 1509 maiora
1139 1463 1236 1509 sunt
1256 1498 1270 1518 ,
1306 1462 1429 1526 quod
1463 1463 1527 1509 sol

233 1535 423 1581 totidem
444 1534 528 1599 (ut
554 1534 614 1582 ita
632 1533 815 1598 dicam)
834 1535 992 1598 gradus
1006 1571 1021 1592 ,
1039 1549 1152 1598 quot
1171 1535 1264 1582 dies
1289 1535 1418 1581 habet
1432 1570 1446 1592 ‚
1481 1547 1527 1581 et

235 1626 397 1657 annum
426 1609 608 1656 circuitu
643 1609 721 1656 suo
753 1609 944 1656 claudit:
976 1610 1099 1672 quod
1118 1626 1142 1655 a
1174 1608 1356 1655 solstitio
1387 1607 1524 1654 statim

235 1682 440 1739 inclinat,
462 1694 505 1728 et
519 1682 591 1729 dat
612 1682 794 1746 spatium
809 1681 1034 1729 noetibus:
1056 1681 1181 1745 quod
1199 1681 1334 1728 fidera
1347 1681 1527 1729 abscon-

235 1754 325 1800 dit:
348 1755 471 1818 quod
490 1766 625 1801 terras
641 1791 654 1813 ‚
690 1772 790 1802 cum
810 1766 935 1801 tanto
956 1753 1097 1800 maior
1116 1753 1165 1799 fit
1185 1753 1291 1809 illis,
1313 1770 1404 1800 non
1420 1753 1526 1809 urit,

239 1827 310 1873 sed
326 1827 515 1874 calorem
538 1826 660 1874 suum
679 1825 995 1873 intensionibus
1011 1842 1061 1873 ac
1076 1824 1398 1872 remiffionibus
1416 1838 1528 1871 tem-

242 1899 438 1962 perando
470 1898 620 1947 fovet:
657 1900 783 1963 quod
811 1899 959 1945 lunam
988 1913 1212 1960 nunquam
1241 1897 1426 1958 implet,
1451 1894 1527 1942 nisi

241 1972 467 2019 adversam
497 1973 574 2020 fibi
593 2008 606 2031 ‚
633 1990 714 2020 nec
730 1973 944 2020 obscurat.
973 1973 1093 2018 Haec
1111 1982 1258 2017 tamen
1279 1988 1369 2019 non
1387 1964 1530 2017 ann'o-

241 2059 381 2094 tamus
396 2082 409 2103 ,
430 2046 640 2110 quamdiu
658 2045 774 2092 ordo
798 2045 1003 2094 servatur.
1030 2037 1073 2091 Si
1091 2044 1199 2108 quid
1213 2045 1430 2091 turbatum
1444 2043 1528 2099 est,

243 2136 315 2166 aut
331 2133 499 2183 praeter
519 2118 879 2167 consuetudinem
901 2119 1108 2175 emicuit,
1124 2118 1363 2180 spectamus
1377 2152 1390 2176 ,
1407 2118 1531 2165 inter-

244 2212 452 2258 rogamus
465 2231 482 2252 ,
511 2194 793 2242 ostendimus.
819 2194 946 2241 Adeo
966 2193 1156 2240 naturale
1174 2191 1258 2250 est,
1292 2192 1427 2255 magis
1445 2208 1531 2238 no-

245 2286 300 2316 va
316 2305 329 2325 ‚
347 2285 477 2331 quam
494 2284 650 2331 magna
671 2267 830 2314 mirari.
858 2268 977 2313 Idem
991 2266 1038 2313 in
1057 2265 1257 2312 Cometis
1274 2264 1333 2311 fit.
1351 2265 1395 2311 Si
1412 2281 1532 2311 rarus

248 2353 290 2388 et
311 2340 505 2387 insolitae
539 2339 702 2404 figurae
732 2340 847 2403 ignis
873 2339 1101 2402 apparuit,
1132 2353 1268 2384 nemo
1298 2352 1389 2383 non
1423 2335 1530 2382 scire

247 2413 354 2478 quid
382 2413 459 2474 fit,
491 2414 642 2477 cupit:
678 2426 721 2460 et
761 2412 924 2461 oblitus
951 2412 1168 2471 aliorum,
1197 2410 1252 2457 de
1285 2407 1530 2459 adventitio
