1730 2870
237 138 1279 207 1m*‘L.ANNAssisENECAE

231 255 436 313 imbrium
462 255 669 302 st'illaeidia
689 272 779 300 non
803 255 1023 319 separant,
1049 269 1091 303 et
1108 255 1270 320 ingenti
1286 256 1424 320 spatio
1443 257 1507 304 in-

230 329 452 376 tuentibus
488 329 752 374 minutarum
794 327 1031 391 imaginum
1070 330 1297 385 discrimen
1325 329 1506 376 interit?

232 401 342 448 Illud
361 401 442 447 effe
466 399 645 447 dubium
664 400 766 446 nulli
785 400 926 462 potest
943 436 955 454 ‚
974 401 1079 464 quin
1096 419 1221 449 arcus
1241 402 1388 465 imago
1407 401 1510 448 solis

232 474 310 531 siz,
341 473 508 521 roscida
537 485 580 518 et
611 489 720 520 cava
753 474 866 520 nube
904 490 1129 537 concepta.
1159 477 1299 535 Quod
1333 492 1387 522 ex
1424 476 1510 522 hoc

232 549 309 595 tibi
330 562 521 609 apparet.
543 548 781 610 Nunquam
803 563 893 592 non
921 548 1099 594 adversa
1119 547 1197 594 soli
1213 548 1300 606 est,
1319 547 1509 594 sublimis

233 635 305 666 aut
322 620 521 686 hnmilis,
549 632 679 681 prout
696 619 767 666 ille
786 621 826 667 se
851 618 1066 677 submifit‚
1093 633 1167 666 aut
1192 620 1379 678 sustulit,
1399 636 1510 667 con-

232 695 369 740 trario
393 707 531 741 motu.
565 694 642 740 1110
671 694 786 739 enim
819 693 1109 741 descendente
1142 695 1268 741 altior
1295 694 1354 740 est
1373 728 1384 746 ‚
1420 694 1511 740 alto

233 766 484 827 depressior.
518 767 656 828 Saepe
686 765 779 811 talis
808 765 947 812 nubes
971 783 994 811 a
1023 766 1154 812 latere
1179 767 1276 812 solis
1309 766 1398 822 est,
1430 783 1511 812 nec

233 851 380 882 arcum
409 836 566 896 efficit-2
608 835 710 898 quia
747 851 838 881 non
869 853 922 881 ex
951 837 1073 882 meio
1103 836 1338 900 imaginem
1370 836 1512 885 trahit.

235 910 431 955 Varietas
456 925 600 956 autem
622 925 713 955 non
733 910 794 956 ob
813 908 939 955 alsam
962 910 1128 958 causam
1160 910 1236 966 fit,
1263 927 1391 973 quam
1415 910 1514 972 quia

235 998 333 1044 pars
362 982 522 1033 coloris
547 999 569 1028 a
597 981 687 1028 sole
715 982 803 1037 est,
831 998 927 1043 pars
949 999 972 1028 a
993 982 1107 1028 nube
1126 982 1192 1028 illa
1214 1001 1223 1028 :
1250 981 1412 1028 humor
1437 998 1515 1027 au-

235 1069 325 1104 tem
360 1057 500 1102 modo
540 1056 755 1103 caeruleas
793 1056 953 1113 1ineas,
982 1057 1120 1102 modo
1154 1057 1341 1115 virides,
1377 1056 1516 1101 modo

237 1145 456 1192 purpurae
477 1128 634 1173 similes
650 1160 664 1182 ‚
692 1139 732 1174 et
753 1129 887 1174 luteas
906 1142 978 1175 aut
1006 1129 1148 1191 igneas
1168 1129 1288 1175 ducit
1307 1163 1321 1183 ,
1345 1128 1518 1176 duobus

240 1202 462 1249 coloribus
493 1201 606 1247 hanc
635 1202 888 1248 varietatem
920 1201 1231 1260 efficientibus,
1267 1201 1442 1247 remiffo
1473 1214 1517 1249 et

238 1275 428 1323 intento.
456 1276 526 1322 Sic
545 1275 661 1322 enim
685 1287 726 1321 et
751 1292 943 1337 purpura
967 1276 1124 1321 eodem
1146 1273 1392 1338 conchylio
1425 1290 1516 1320 non

241 1348 288 1394 in
308 1365 442 1394 unum
461 1348 644 1395 modum
663 1347 764 1393 exit.
788 1346 980 1405 Interest,
996 1347 1203 1409 quamdiu
1223 1361 1435 1393 macerata
1453 1345 1519 1404 fit,

243 1420 419 1467 crassius
451 1420 847 1477 medicamentum,
880 1436 933 1465 an
965 1420 1159 1482 aquatius
1191 1419 1364 1465 traxerit
1376 1437 1390 1476 3
1425 1417 1518 1465 sae-

247 1494 343 1556 pius
371 1494 507 1540 mersa
532 1494 580 1538 fit
606 1506 647 1539 et
679 1494 858 1539 excofiia
876 1525 889 1547 ‚
912 1510 965 1538 an
997 1494 1124 1539 semel
1156 1493 1301 1539 tinfla.
1335 1493 1440 1538 Non
1460 1490 1521 1538 est

245 1582 351 1629 ergo
370 1566 530 1615 mirum
547 1600 560 1622 ,
584 1582 682 1611 cum
702 1565 809 1611 duae
830 1580 897 1610 res
917 1563 996 1610 sint
1009 1600 1022 1622 ‚
1048 1564 1110 1611 sol
1128 1580 1170 1610 et
1188 1564 1321 1610 nubes
1340 1599 1353 1620 ,
1377 1563 1420 1608 id
1437 1561 1520 1619 est,

246 1655 409 1702 corpus
435 1653 479 1686 et
512 1638 754 1702 speculum,
791 1637 820 1683 fi
846 1651 933 1684 tam
965 1638 1097 1685 multa
1125 1655 1282 1702 genera
1319 1637 1521 1683 colorum

248 1714 578 1776 exprimuntur:
608 1728 718 1775 quae
749 1712 792 1758 in
820 1711 964 1759 multis
989 1712 1217 1775 generibus
1249 1710 1421 1773 possunt
1449 1724 1522 1756 aut

248 1786 443 1846 incitari,
475 1802 547 1833 aut
574 1781 906 1847 relanguescere.
937 1783 1055 1832 Alius
1078 1783 1193 1829 enim
1223 1781 1283 1828 est
1310 1781 1437 1829 color
1467 1796 1522 1827 ex

249 1859 380 1924 igneo
396 1859 588 1916 lumine,
619 1858 726 1904 alius
744 1874 798 1903 ex
825 1856 982 1903 obtuso
1002 1868 1043 1903 et
1061 1855 1242 1903 leniore.
1266 1856 1313 1900 In
1337 1852 1429 1898 aliis
1453 1869 1521 1899 re-

239 1935 330 1981 ·bus
354 1949 464 1995 vaga
483 1930 706 1994 inqnifitio
722 1929 804 1986 est,
829 1929 904 1975 ubi
920 1945 1011 1974 non
1031 1927 1239 1973 habemus
1253 1925 1372 1988 quod
1393 1941 1524 1970 manu

252 2017 398 2053 tenere
417 2004 653 2066 possimus,
677 2014 719 2049 et
743 2002 824 2048 late
847 2001 1092 2048 cenidium
1119 1998 1328 2046 mittenda
1344 1996 1404 2044 est
1425 2012 1434 2041 ε
1453 1996 1525 2044 hic

254 2093 433 2141 apparet
457 2078 562 2124 duas
595 2075 737 2122 causas
766 2073 850 2121 effe
878 2090 1024 2130 arcus,
1054 2070 1185 2118 solem
1204 2105 1217 2127 ,
1245 2070 1492 2132 nubemque
1509 2103 1524 2126 ,

196 2195 210 2203 ,
254 2153 357 2203 auia
387 2167 468 2199 nec
493 2151 648 2198 sereno
667 2164 859 2211 unquam
890 2146 967 2205 fit,
995 2163 1075 2193 nec
1103 2145 1159 2191 ita
1187 2143 1362 2200 nubilo,
1397 2155 1443 2187 ut
1461 2141 1524 2187 sol

255 2226 391 2271 lateat.
426 2227 542 2288 Ergo
568 2223 718 2287 utique
750 2238 805 2269 ex
838 2222 904 2269 his
937 2221 1023 2278 est,
1053 2235 1241 2284 quorum
1269 2214 1355 2264 fine
1387 2216 1523 2264 altero

258 2314 349 2343 non
381 2297 456 2344 est.

324 2371 398 2415 1V.
442 2372 531 2414 Iam
561 2368 665 2415 illud
694 2366 861 2417 accedit
882 2402 897 2423 ,
933 2365 1054 2428 quod
1086 2374 1222 2427 aeque
1254 2358 1523 2408 manifestum

259 2439 347 2500 est,
378 2441 540 2505 specuii
564 2441 731 2489 ratione
752 2440 983 2503 imaginem
1001 2437 1150 2495 reddi,
1184 2436 1286 2502 quia
1304 2449 1523 2498 nunquam
