1730 2870
362 79 627 125 NATUR.
661 79 960 138 QUAEST.
1005 80 1122 127 Llss.
1158 82 1252 126 Vll.
1355 99 1440 144 373

176 183 355 230 noverit
375 183 393 230 ἓ
414 183 526 243 Quis
550 182 873 244 philosophiam
893 219 906 240 ,
937 194 1008 229 aut
1039 182 1175 230 ullum
1195 183 1371 230 liberale
1387 201 1454 229 re-

176 256 301 318 spicit
319 255 534 312 studium3
555 253 630 300 nifi
649 271 752 300 cum
778 254 870 301 ludi
897 255 1206 302 intercalantur
1223 291 1236 312 ‚
1255 272 1354 302 cum
1376 258 1450 302 ali-

173 331 270 393 quis
298 327 471 392 pluvius
499 327 734 375 intervenit
767 328 857 374 dies
883 363 897 385 ,
933 344 1063 390 quem
1094 328 1277 388 perdere
1307 327 1409 374 licet
1429 329 1446 374 ?

173 405 321 465 Itaque
339 414 405 448 tot
423 400 608 447 familiae
621 400 991 464 philosophorum
1013 399 1100 446 fine
1118 400 1356 448 successore
1370 403 1447 449 de·

169 473 336 521 ficiunt.
355 473 603 520 Academici
618 484 661 518 et
681 485 849 518 veteres
868 484 910 517 et
928 471 1122 517 minores
1142 472 1305 518 nullum
1330 472 1444 519 anti·
1480 487 1484 490 ’

170 546 309 592 stitem
328 546 606 608 reliquerunt.
621 544 733 605 Quis
752 543 812 590 est
827 544 902 606 qui
918 543 1057 589 tradat
1077 558 1306 606 praecepta
1331 547 1446 608 Pyr-

169 618 343 664 rhonis?
362 619 638 682 Pythagorea
654 617 722 663 illa
738 616 979 662 invidiosae
993 616 1142 662 turbae
1160 617 1303 662 schola
1323 634 1448 679 prae-

168 703 392 752 ceptorem
406 707 495 736 non
511 690 689 737 invenit.
708 689 953 734 Sextio-rum
974 703 1092 733 nova
1111 700 1153 733 et
1169 689 1355 733 Romani
1375 705 1444 735 ro·

169 761 289 807 boris
302 763 427 815 sefla,
443 762 554 807 inter
570 760 688 806 initia
709 761 793 817 sua,
813 777 912 807 cum
930 776 1088 822 magno
1103 759 1269 822 impetu
1286 761 1444 823 coepis-

168 832 254 889 set,
280 834 486 880 exstinfiki
504 833 574 880 est.
608 836 663 880 At
681 847 840 895 quanta
859 848 959 877 cura
978 832 1199 878 laboratur
1215 867 1227 889 ,
1249 849 1301 878 ne
1322 834 1444 879 cuius

169 908 430 970 pantomimi
445 925 607 954 nomen
624 906 875 953 intercidat?
891 907 981 951 Stat
998 922 1074 967 per
1084 905 1343 953 successores
1355 908 1446 970 Py-

168 981 274 1027 ladis
292 995 334 1027 et
351 981 535 1044 Bathylli
552 981 710 1026 domus
732 997 742 1024 ε
759 979 912 1024 'narum
934 978 1092 1025 artium
1109 979 1230 1025 multi
1249 978 1461 1041 discipuli

169 1052 289 1111 sunt,
328 1054 542 1114 multique
572 1052 790 1099 dostoreS.
825 1052 1033 1098 Privatim
1067 1053 1173 1098 urbe
1199 1063 1292 1097 tota
1325 1051 1447 1098 sonat

169 1125 399 1188 pulpitum.
418 1127 463 1170 In
477 1126 564 1170 hoc
583 1124 694 1179 viri,
712 1125 756 1170 in
770 1127 856 1171 hoc
877 1124 1064 1170 feminae
1080 1124 1330 1186 tripudiant.
1353 1127 1448 1170 Ma-

168 1214 236 1242 res
253 1199 362 1243 inter
380 1197 419 1243 se
433 1198 678 1260 uxoresque
700 1199 975 1244 contendunt
994 1234 1008 1255 ‚
1026 1210 1121 1244 uter
1141 1201 1212 1244 det
1228 1200 1335 1243 latus
1349 1198 1445 1244 illis.

168 1268 347 1314 Deinde
364 1269 440 1314 sub
461 1269 643 1330 persona
664 1305 676 1323 ,
702 1287 802 1315 cum
831 1271 907 1315 diu
921 1273 1017 1315 trita
1038 1269 1161 1315 frons
1183 1270 1266 1324 est,
1297 1270 1447 1317 transi-

171 1357 241 1387 tur
251 1344 301 1385 ad
312 1356 504 1403 ganeam.
519 1339 821 1402 Philosophiae
836 1339 954 1386 nulla
968 1357 1070 1385 cura
1084 1340 1154 1385 est.
1177 1343 1326 1403 ltaque
1338 1343 1449 1388 adeo

169 1411 275 1456 nihil
293 1411 512 1457 invenitur
532 1428 587 1456 ex
604 1411 669 1457 his
689 1427 801 1474 quae
830 1429 983 1473 parum
1002 1411 1259 1476 investigata
1279 1414 1447 1476 antiqui

169 1484 440 1545 reliquerunt
461 1519 474 1539 ‚
491 1499 539 1530 ut
554 1484 687 1530 multa
705 1500 816 1545 quae
833 1484 1010 1529 inventa
1031 1472 1195 1542 erant,¹
1212 1485 1454 1532 obliteren—

166 1568 252 1603 tur.
272 1559 325 1601 At
342 1555 609 1602 mehercules
628 1555 657 1600 si
676 1556 762 1601 hoc
782 1557 888 1602 totis
907 1556 1118 1603 membris
1132 1573 1449 1620 premeremus,

169 1629 198 1676 fi
226 1629 270 1675 in
298 1630 384 1676 hoc
420 1629 622 1676 iuventus
653 1630 797 1676 sobria
826 1629 1127 1688 incumberet,
1146 1631 1234 1678 hoc
1261 1632 1449 1679 maiores

171 1704 382 1749 docerent
400 1737 413 1760 ‚
435 1703 521 1750 hoc
539 1703 730 1750 minores
750 1704 1018 1752 addiscerent
1036 1741 1050 1762 ,
1074 1705 1151 1752 vix
1183 1706 1237 1751 ad
1265 1706 1448 1752 fundum

170 1776 389 1822 veniretur
409 1793 420 1822 t
440 1776 483 1821 in
511 1792 604 1839 quo
634 1777 797 1823 veritas
823 1776 958 1837 posita
976 1777 1038 1840 est
1057 1814 1071 1835 ‚
1098 1795 1231 1842 quam
1257 1796 1373 1827 nunc
1400 1780 1453 1826 in-

166 1846 333 1893 summa
352 1861 465 1893 terra
481 1858 524 1894 et
540 1847 627 1895 levi
645 1864 772 1893 manu
791 1848 1051 1911 quaerimus.

1080 2438 1216 2498 Aa3
