1730 2870
248 154 337 204 180
485 159 533 205 L.
587 157 884 203 ANNAEI
936 158 1302 204 SENECAE

240 265 270 312 li
300 265 464 314 fervor.
504 268 620 312 Nam
650 283 750 313 cum
790 265 874 314 late
907 265 1022 313 susus
1056 266 1105 313 fit
1138 267 1277 331 ignis,
1312 266 1528 317 inferiora

243 338 482 402 aliquando
500 374 514 396 ,
546 339 577 384 fi
598 340 696 386 sunt
720 339 882 386 idonea
915 342 1126 400 accendi,
1154 342 1349 405 corripit.
1385 343 1530 390 Potest

239 410 454 457 stellarum
475 425 622 459 motus
641 412 768 459 cursu
790 412 867 460 suo
887 413 1077 461 excitare
1095 412 1267 478 ignem,
1296 427 1339 462 et
1364 415 1410 462 in
1429 416 1530 463 sub-

240 482 349 530 ieRa
369 483 675 530 transmittere.
709 483 834 544 Quid
859 485 1031 547 porro?
1066 501 1158 532 non
1185 488 1329 548 potest
1357 487 1452 536 fieri
1485 502 1532 538 ut

239 557 315 603 a'e‘r
334 556 425 603 vim
455 556 628 620 igneam
648 558 785 620 usque
805 556 851 603 in
871 558 1044 605 aethera
1063 558 1193 606 elidat
1208 595 1221 618 ,
1248 576 1303 607 ex
1323 578 1412 625 qua
1442 562 1528 610 ful-

238 646 322 692 gor
341 630 533 678 ardorve
560 630 610 676 fit
641 629 805 690 stellae,
832 632 905 680 vel
927 631 1074 679 similis
1103 633 1336 681 excursus?
1368 639 1432 683 Ex
1458 638 1528 685 his

238 702 487 766 fulgoribus
510 704 725 766 quaedam
746 704 790 749 in
817 720 1026 768 praeceps
1050 721 1184 761 eunt,
1217 706 1367 755 similia
1385 711 1528 773 profi-

237 775 445 826 lientibus
464 776 591 823 stellis
614 793 625 822 :
650 776 866 839 quaedam
894 790 1019 824 certo
1046 777 1150 824 loco
1172 793 1454 840 permanent,
1482 798 1527 831 et

238 860 404 896 tantum
437 848 546 895 lucis
567 847 804 906 emittunt,
825 860 874 895 ut
899 848 1051 912 fugent
1077 850 1276 896 tenebras
1296 886 1310 910 ,
1337 862 1382 899 et
1408 853 1526 901 diem

236 921 591 983 repraesentent,
624 921 770 968 donec
791 921 1024 967 consumto
1057 921 1295 980 alimento,
1328 924 1523 986 primum

236 995 491 1043 obscuriora
516 995 624 1051 sint,
656 994 814 1042 deinde
842 976 1048 1041 flammae
1068 995 1211 1040 modo
1232 1012 1387 1059 ,quae
1407 996 1454 1043 in
1478 998 1520 1046 se

236 1070 384 1127 cadit,
410 1088 490 1131 per
516 1070 723 1118 affiduam
751 1070 1092 1116 diminutionem
1117 1070 1394 1133 red1gantur
1384 1089 1430 1118 m
1452 1073 1521 1119 ni-

233 1142 384 1189 hilum.
407 1145 473 1189 Ex
493 1142 557 1189 'nis
586 1143 803 1206 quaedam
836 1141 881 1187 in
911 1141 1097 1190 nubibus
1120 1156 1360 1206 apparent,
1388 1162 1524 1208 quae-

235 1216 333 1261 dam
354 1214 479 1276 supra
500 1215 664 1273 nubes,
684 1231 782 1261 cum
802 1215 875 1261 ae’r
893 1213 1044 1277 spissus
1065 1214 1238 1277 ignem,
1259 1232 1391 1280 quem
1412 1234 1524 1279 pro-

234 1289 338 1350 pior
370 1288 496 1335 terris
527 1288 601 1335 diu
643 1299 845 1351 paverat,
889 1287 1022 1351 usque
1054 1286 1100 1334 in
1134 1288 1272 1336 fidera
1306 1292 1521 1354 expreffit.

233 1363 410 1408 Horum
440 1361 582 1424 aliqua
604 1376 695 1405 non
725 1360 946 1422 patiuntur
976 1375 1178 1417 moram,
1202 1359 1274 1407 sed
1304 1362 1522 1409 transcur-

232 1449 336 1482 runt
369 1447 443 1481 aut
470 1434 803 1497 exstinguuntur
828 1433 1010 1488 ,subinde
1045 1449 1133 1496 qua
1166 1433 1426 1481 reluxerant.
1461 1436 1521 1483 Hi

231 1509 424 1572 fulgores
446 1507 679 1555 dicuntur:
701 1497 804 1569 quia
831 1506 979 1554 brevis
1008 1506 1138 1553 facies
1168 1506 1345 1554 illorum
1373 1520 1416 1555 et
1448 1526 1522 1558 ca-

233 1583 346 1629 duca
365 1580 452 1638 est,
487 1597 569 1628 nec
592 1580 679 1627 sine
706 1579 861 1626 iniuria
888 1580 1122 1628 decidens:
1151 1579 1274 1642 saepe
1295 1580 1413 1627 enim
1433 1580 1522 1628 ful-

231 1655 402 1702 minum
436 1671 572 1701 noxas
597 1653 842 1700 ediderunt.
871 1653 939 1698 Ab
960 1652 1025 1700 his
1055 1654 1168 1700 testa
1203 1653 1411 1701 videmus
1437 1655 1521 1703 ieta

231 1726 318 1772 fine
339 1725 550 1782 fulmine,
579 1741 690 1787 quae
714 1724 1037 1787 Astrapopleffia
1065 1725 1226 1772 Graeci
1252 1740 1430 1774 vocant.
1462 1730 1522 1775 At

198 1802 201 1806 ’
227 1799 390 1863 quibus
416 1799 594 1862 longior
622 1814 749 1845 mora
768 1810 810 1844 et
830 1797 990 1844 fortior
1010 1798 1124 1862 ignis
1147 1798 1234 1859 est,
1258 1812 1521 1864 motumque

229 1873 344 1921 coeli
359 1873 556 1935 sequens,
572 1886 645 1918 aut
660 1871 734 1934 qui
751 1870 959 1932 proprios
975 1870 1121 1916 curius
1134 1883 1292 1932 agunt,
1308 1871 1521 1919 Cometas

228 1943 365 1991 nostri
395 1958 575 2005 putant:
596 1944 649 1990 de
674 1942 830 2006 quibus
864 1942 1102 1990 dicendum
1122 1941 1193 1989 est.
1229 1943 1403 1990 Horum
1438 1960 1518 2006 ge-

227 2034 329 2065 nera
344 2016 441 2064 sunt
462 2016 709 2079 pogoniae,
729 2017 812 2062 lam
797 2016 972 2078 pades,
1000 2031 1044 2062 et
1071 2015 1356 2087 cypariffiae‚
1377 2028 1418 2062 et
1438 2017 1519 2063 alia

227 2093 411 2138 omnia:
434 2108 625 2154 quorum
654 2090 764 2153 ignis
782 2090 826 2135 in
850 2090 973 2136 exitu
1003 2089 1170 2152 sparsus
1187 2089 1258 2135 est.
1291 2089 1517 2148 Dubium,

225 2181 281 2211 an
302 2166 418 2212 inter
445 2166 527 2211 hos
556 2170 777 2228 ponantur
799 2164 968 2220 trabes,
994 2178 1038 2210 et
1058 2163 1252 2226 piffliae,
1281 2180 1392 2226 quae
1412 2180 1514 2210 raro

223 2239 321 2285 sunt
332 2238 459 2285 visae.
475 2238 616 2284 Multa
627 2237 742 2283 enim
756 2236 1104 2300 cong1obatione
1120 2235 1286 2299 ignium
1299 2236 1512 2298 indigent,

221 2327 324 2358 cum
342 2310 495 2373 ingens
512 2311 686 2356 illorum
707 2310 826 2356 orbis
842 2308 1075 2373 aliquando
1094 2308 1293 2355 matutini
1315 2309 1514 2371 amplitu-

222 2383 371 2430 dinem
392 2384 490 2430 solis
507 2384 747 2444 exsuperet.
766 2386 881 2445 Inter
901 2383 1007 2430 haec
1027 2398 1166 2444 ponas
1180 2381 1304 2437 licet,
1321 2394 1364 2428 et
1386 2380 1513 2444 quod

217 2456 470 2523 frequenter
482 2459 528 2506 in
542 2458 731 2509 historiis
749 2459 953 2524 legimus,
972 2459 1148 2510 coelum
1164 2460 1318 2508 ardere
1337 2458 1510 2509 visum:
