1730 2870
257 170 347 211 124
503 157 550 201 L.
596 155 880 199 ANNAEI
929 154 1262 201 SENECAE

251 276 349 323 pars
385 259 475 306 eius
506 277 659 322 magna
690 260 772 306 iam
801 259 910 306 fafila
944 260 1016 307 est.
1048 278 1145 307 nam
1185 262 1307 326 quod
1338 261 1530 311 viximus

251 344 450 393 tempus,
487 348 543 377 eo
573 333 675 377 loco
701 331 789 387 est,
819 349 910 394 quo
942 349 1033 379 erat
1061 346 1292 397 antequam
1326 334 1531 382 viximus.

253 404 456 449 Erramus
485 415 658 459 autem,
686 403 761 466 qui
788 403 988 449 ultimum
1011 404 1216 452 timemus
1235 406 1350 452 diem
1381 424 1391 453 ε
1427 424 1530 454 cum

252 475 506 519 tantundem
537 475 582 520 in
619 485 806 522 mortem
845 474 998 538 singuli
1034 476 1274 526 conferant.
1322 481 1428 526 Non
1464 480 1534 526 ille

253 548 409 612 gradus
431 547 716 594 laffitudinem
745 549 878 605 facit,
897 550 941 595 in
963 566 1055 613 quo
1074 551 1316 599 defecimus
1331 589 1344 610 ‚
1371 553 1443 600 sed
1463 554 1534 599 ille

251 619 494 682 profitetur.
516 623 584 668 Ad
600 636 790 669 mortem
813 624 904 671 dies
922 636 1142 671 extremus
1167 627 1366 687 pervenit
1383 662 1396 684 ,
1411 643 1534 674 acce-

253 697 319 742 dit
345 698 501 743 omnis.
533 699 688 759 Carpit
714 716 794 745 nos
813 699 910 756 illa,
937 715 1028 744 non
1051 698 1243 762 corripit.
1280 701 1385 747 Ideo
1414 719 1537 765 mag-

253 786 333 815 nus
353 770 523 817 animus
538 803 551 824 ‚
582 772 780 818 conscius
804 771 881 817 fibi
903 771 1094 818 melioris
1115 786 1311 830 naturae,
1343 774 1415 818 dat
1440 774 1538 837 qui-

255 844 356 887 dem
390 858 599 904 operam,
636 860 685 890 ut
715 844 759 890 in
791 846 870 891 hac
905 844 1111 901 statione,
1139 861 1224 907 qua
1254 845 1416 906 politus
1447 845 1536 904 est,

253 915 435 962 honeste
460 916 499 962 se
528 928 659 980 atque
687 918 893 963 industrie
921 930 1066 981 gerat:
1099 933 1293 965 ceterum
1320 920 1426 966 nihil
1454 921 1539 966 ho-

254 1005 352 1034 rum
384 1006 495 1052 quae
530 992 645 1037 circa
680 991 820 1054 ipsum
857 992 974 1051 sunt,
1008 994 1132 1039 suum
1166 993 1359 1049 iudicat,
1391 994 1462 1040 sed
1492 1005 1541 1040 ut

256 1066 552 1112 commodatis
582 1066 744 1124 utitur,
777 1068 1031 1131 peregrinus
1060 1081 1103 1115 et
1134 1084 1386 1131 properans.
1423 1068 1539 1113 Cum

255 1137 449 1199 aliquem
477 1137 600 1185 huius
622 1139 865 1186 viderimus
884 1140 1148 1187 constantiae
1162 1177 1173 1197 ‚
1207 1140 1362 1203 quidni
1383 1139 1542 1186 subiret

255 1226 338 1255 nos
362 1210 525 1275 species
556 1228 647 1258 non
663 1212 835 1258 usitatae
867 1212 1056 1259 indolis?
1089 1212 1242 1275 utique
1264 1212 1291 1256 fi
1319 1213 1432 1258 hanc
1450 1247 1464 1268 ‚
1493 1223 1542 1258 ut

257 1281 374 1336 dixi,
409 1284 753 1345 magnitudinem
788 1302 938 1331 veram
969 1285 1053 1332 effe
1082 1284 1347 1331 ostendebat.
1382 1283 1542 1344 Quali-

258 1354 354 1400 tatis
370 1371 496 1401 verae
516 1370 644 1402 tenor
658 1371 883 1419 permanet
897 1393 909 1413 ‚
930 1357 1028 1403 falsa
1047 1374 1136 1403 non
1157 1358 1324 1403 durant.
1347 1357 1543 1417 Quidam

257 1428 435 1474 alternis
463 1429 626 1475 Vatimi
641 1464 654 1484 ‚
683 1429 855 1475 alternis
877 1430 1073 1476 Catones
1094 1429 1189 1475 sunt
1209 1446 1219 1474 :
1243 1443 1286 1475 et
1308 1428 1449 1474 modo
1469 1444 1546 1489 pa-

259 1517 356 1546 rum
384 1500 467 1547 illis
493 1500 669 1547 severus
698 1501 758 1547 est
790 1502 975 1559 Curius,
1007 1519 1163 1565 parum
1197 1494 1374 1562 pauper
1396 1501 1546 1545 Fabri-

261 1573 382 1629 cius,
421 1590 571 1635 parum
601 1573 716 1638 frugi
749 1587 791 1621 et
814 1587 1044 1622 contentus
1070 1574 1147 1622 vili
1171 1575 1384 1621 Tubero:
1408 1573 1549 1619 modo

262 1646 464 1692 Licinum
494 1645 687 1704 divitiis,
721 1647 926 1709 Apicium
945 1647 1123 1703 coenis,
1148 1647 1449 1692 Maecenatem
1471 1645 1547 1691 de-

262 1718 368 1764 liciis
389 1732 650 1779 provocant.
688 1720 931 1766 Maximum
955 1719 1166 1766 iudicium
1188 1718 1249 1765 est
1267 1718 1403 1764 malae
1421 1734 1549 1764 rnen-

264 1792 340 1848 tis,
355 1790 581 1838 flucluatio
595 1824 610 1846 ‚
628 1806 671 1838 et
691 1792 805 1838 inter
825 1793 1142 1841 simulationem
1163 1791 1378 1839 virtutum
1390 1825 1405 1849 ,
1421 1805 1549 1836 arno-

264 1882 445 1930 remque
477 1865 689 1914 vitiorum
709 1901 722 1925 ,
753 1867 913 1913 affidua
939 1866 1127 1913 iastatio.

701 2018 872 2061 habebat
888 2015 1008 2076 saepe
1031 2016 1249 2068 ducentos,

335 2093 466 2149 Sa'epe
491 2091 619 2133 decem
626 2089 772 2148 servos
791 2107 812 2133 :s
835 2091 954 2133 modo
973 2105 1076 2149 reges
1095 2102 1216 2147 atque
1234 2086 1456 2131 tetrarchas
1471 2117 1485 2140 ,

340 2163 503 2207 Omnia
516 2179 670 2221 magna
681 2165 850 2222 loquens
862 2180 878 2207 .·
889 2163 1022 2214 modo,
1018 2160 1081 2225 fit
1095 2162 1199 2205 milzi
1211 2160 1350 2219 mensa
1361 2160 1499 2220 tripes,
1511 2156 1555 2204 δ’

340 2237 377 2279 C
377 2236 509 2279 oncha
515 2235 628 2294 salis
641 2237 764 2295 puri,
793 2233 835 2281 δ’
852 2251 946 2297 toga
966 2251 1069 2295 quae
1086 2232 1294 2291 defendere
1303 2231 1471 2292 frigus,

341 2309 552 2369 Quamvis
571 2306 702 2370 craffa
715 2343 728 2365 ,
748 2323 880 2368 queat.
908 2308 1035 2353 decies
1055 2321 1223 2351 centena
1245 2307 1336 2349 dedi
1369 2322 1410 2350 es

340 2383 459 2427 Huic
479 2401 605 2441 parco
615 2384 766 2443 paucis
788 2397 974 2428 contento
992 2398 1008 2427 .·
1024 2382 1201 2443 quinque
1219 2380 1359 2424 dicbus

340 2456 426 2502 Nil
440 2470 526 2500 emt
547 2456 594 2500 in
618 2457 779 2501 loculis.
