1730 2870
288 132 379 183 ιϊθ
520 130 1308 178 L.ANNAE18ENECA13

279 241 330 287 lis
353 236 482 285 status
502 254 511 283 t
533 254 613 283 nec
635 249 732 282 ante
758 236 908 283 desinit
937 236 1041 296 niti,
1065 250 1244 301 quatere
1272 227 1311 286 se
1327 272 1341 294 ‚
1364 256 1495 302 quam
1517 241 1563 287 in

280 313 414 375 pedes
435 310 645 357 constitit.
663 312 783 373 Ergo
797 310 1004 357 omnibus
1018 311 1341 359 constitutionis
1362 314 1457 360 suae
1476 314 1566 360 sen-

280 387 345 432 sus
372 385 457 438 est,
488 394 531 429 et
555 381 656 429 ind‘e
674 383 977 429 membrorum
999 396 1087 429 tam
1113 387 1315 447 expedita
1337 387 1562 433 trastatio:

279 475 361 506 nec
390 457 530 504 ullum
564 447 701 502 maius
729 456 939 502 indicium
971 456 1178 503 habemus
1197 493 1211 514 ,
1243 475 1343 505 cum
1380 460 1460 506 hac
1494 461 1566 506 illa

280 531 335 577 ad
353 529 596 577 vivendum
622 528 777 575 venire
795 529 950 575 notitia
964 564 977 586 ,
992 544 1123 592 quam
1144 531 1266 592 quod
1288 532 1450 578 nullum
1473 533 1568 578 ani-

280 604 367 650 mal
403 602 456 649 ad
487 601 612 648 usum
638 601 702 648 sui
731 603 839 649 rude
864 601 940 650 est.
976 602 1244 660 Co-nstitutio
1273 602 1359 662 est,
1393 604 1567 666 inquit,

279 689 330 721 ut
357 691 442 721 vos
477 673 645 732 dicitis,
684 673 922 738 principale
959 674 1094 720 animi
1127 675 1321 738 quodam
1355 678 1493 722 modo
1527 677 1568 723 se

279 750 441 796 habens
468 765 567 812 erga
592 739 765 811 corpus.
795 749 898 795 Hoc
923 763 1010 795 tam
1042 750 1298 813 perplexum
1325 763 1366 797 et
1390 751 1566 809 subtile,

278 835 322 869 et
352 821 483 868 vobis
518 838 699 884 quoque
732 821 809 869 vix
845 821 1115 879 enarrabile,
1157 823 1392 885 quomodo
1427 824 1566 870 infans

279 895 516 958 intelligit?
552 894 719 941 Omnia
763 893 963 940 animalia
1004 895 1226 941 dialeffica
1274 895 1386 942 nasci
1424 912 1565 958 opor-

281 982 421 1019 teret,
449 984 499 1016 ut
534 967 656 1014 istam
685 966 931 1016 finitionem
967 984 1150 1031 magnae
1183 969 1294 1031 parti
1331 970 1564 1016 hominum

279 1056 535 1106 togatorum
565 1042 796 1088 obscuram
829 1041 1086 1104 intelligant.
1123 1043 1286 1087 Verum
1319 1057 1411 1089 erat
1436 1044 1562 1106 quod

280 1115 473 1179 opponis
493 1150 506 1171 ,
545 1114 573 1160 fi
608 1131 693 1178 ego
724 1116 778 1161 ab
812 1114 1070 1161 animalibus
1105 1116 1430 1162 constitutionis
1461 1117 1563 1163 fini-

280 1189 450 1236 tionem
480 1188 661 1250 intelligi
691 1188 900 1246 dicerem.
946 1189 1061 1234 Nam
1092 1187 1182 1250 ipsa
1212 1188 1467 1236 constitutio
1495 1190 1564 1237 fa-

279 1263 405 1310 cilius
425 1276 577 1309 natura
606 1262 884 1325 intelligitur,
905 1279 1035 1325 quam
1067 1274 1298 1310 enarratur.
1325 1265 1475 1328 Itaque
1496 1265 1564 1311 in—

279 1334 375 1382 fans
396 1334 493 1392 ille,
524 1336 631 1398 quid
658 1335 706 1382 fit
732 1336 1015 1394 constitutio,
1042 1353 1133 1383 non
1164 1338 1293 1385 novit
1315 1357 1325 1385 ε
1352 1340 1563 1387 constitu·

278 1409 447 1456 tionem
469 1409 588 1455 suam
617 1410 778 1456 novit:
810 1422 851 1456 et
882 1411 990 1473 quid
1021 1410 1069 1457 sit
1095 1410 1255 1457 animal
1279 1397 1437 1470 nescit,
1470 1414 1563 1460 ani-

278 1482 366 1528 mal
401 1481 484 1528 effe
517 1481 559 1528 se
595 1482 735 1529 sentit.
780 1483 1002 1528 Praeterea
1035 1483 1167 1545 ipsam
1202 1483 1558 1532 constitutionem

277 1556 400 1603 suam
420 1555 554 1604 craffe
578 1556 801 1620 intelligit,
820 1568 862 1602 et
885 1556 1132 1602 summatim
1146 1593 1159 1614 ‚
1177 1570 1219 1604 et
1238 1558 1435 1605 obscure.
1466 1562 1560 1607 Nos

264 1646 457 1694 ¹quoque
486 1630 681 1675 animum
711 1630 868 1676 habere
902 1646 982 1676 nos
1012 1629 1171 1676 scimus
1200 1647 1211 1675 ε
1244 1632 1349 1693 quid
1388 1631 1436 1677 sit
1463 1632 1556 1678 ani-

276 1718 396 1759 mus,
429 1701 504 1748 ubi
530 1701 604 1757 sit,
635 1702 772 1764 qualis
796 1701 869 1759 fit,
895 1713 938 1749 et
966 1703 1107 1757 unde,
1133 1702 1360 1750 nescimus.
1407 1705 1557 1764 Qualis

275 1775 331 1821 ad
364 1791 444 1822 nos
476 1775 681 1838 pervenit
699 1774 833 1821 animi
855 1774 988 1822 nostri
1018 1773 1182 1831 sensus,
1208 1776 1410 1839 quamvis
1431 1791 1558 1824 natu·

275 1865 369 1896 ram
389 1849 480 1897 eius
503 1849 780 1912 ignoremus,
813 1866 862 1897 ac
889 1850 1057 1906 sedem,
1095 1850 1189 1897 talis
1216 1852 1268 1896 ad
1298 1851 1446 1897 omnia
1467 1852 1557 1898 ani-

276 1922 402 1968 malia
436 1921 764 1969 constitutionis
794 1922 892 1969 suae
927 1922 1082 1969 sensus.
1133 1923 1315 1970 Necesse
1347 1923 1408 1970 est
1438 1924 1555 1971 enim

275 1996 322 2043 id
346 1995 561 2053 sentiant,
586 2009 666 2058 per
692 1996 817 2059 quod
839 1994 919 2040 alia
942 2005 1121 2058 quoque
1151 1993 1360 2041 sentiunt:
1387 1996 1555 2043 necesse

274 2069 336 2116 est
356 2067 523 2115 sensum
540 2067 634 2115 eius
652 2069 835 2114 habeant
849 2102 863 2124 ‚
889 2068 959 2115 cui
979 2081 1130 2127 parent
1145 2103 1158 2125 ,
1186 2083 1208 2113 a
1229 2082 1321 2130 quo
1340 2080 1552 2131 reguntur.

275 2143 424 2189 Nemo
445 2157 536 2188 non
561 2159 615 2189 ex
632 2141 761 2188 nobis
774 2141 998 2205 intelligit,
1016 2139 1101 2187 effe
1121 2141 1306 2205 aliquid,
1329 2143 1450 2206 quod
1470 2143 1553 2188 im-

274 2228 400 2279 petus
427 2215 526 2262 suos
556 2227 769 2263 moveat:
799 2214 905 2278 quid
934 2214 982 2261 sit
1008 2214 1145 2273 illud,
1180 2215 1364 2279 ignorat.
1392 2232 1435 2263 et
1469 2233 1551 2263 co-

275 2302 425 2336 natum
450 2289 529 2336 fibi
557 2289 643 2336 effe
673 2289 778 2337 scit:
806 2289 911 2353 quid
931 2288 1008 2347 fit,
1036 2300 1110 2335 aut
1140 2289 1258 2336 unde
1289 2288 1338 2336 sit
1356 2325 1368 2347 ‚
1401 2287 1552 2336 nescit.

275 2363 397 2410 Sicut
424 2362 687 2422 infantibus,
711 2363 769 2411 fic
796 2379 979 2427 quoque
1003 2362 1283 2420 animalibus,
1302 2361 1550 2426 principalis

274 2436 410 2499 partis
440 2436 538 2484 suae
568 2436 711 2484 sensus
739 2435 800 2484 est
826 2453 918 2484 non
950 2436 1046 2483 satis
1076 2436 1317 2494 dilucidus,
1348 2452 1439 2483 non
1466 2454 1548 2483 ex-
