1730 2870
517 159 1094 210 EPISTOLAE
1206 172 1209 173 ⁷
1397 161 1454 225 ες

170 273 216 321 in
238 287 407 320 morem
432 270 592 318 cantici
620 270 760 316 ducla.
789 270 941 329 Quare
967 268 1069 316 alias
1087 265 1229 314 sensus
1246 267 1429 314 audaces
1445 303 1457 325 ,

170 359 214 394 et
232 346 364 392 fidem
389 343 542 407 egressi
574 343 841 405 placuerint,
866 343 969 388 alias
997 343 1205 402 abruptae
1224 339 1459 388 sententiae

165 432 214 467 et
248 418 530 481 suspiciosae,
570 417 615 464 in
656 419 814 480 quibus
853 417 948 478 plus
982 415 1315 479 intelligendum
1354 414 1417 461 est
1441 450 1457 473 ,

171 509 304 556 quam
337 491 600 538 audiendum
627 507 638 536 τ
670 506 807 552 quare
843 489 986 552 aliqua
1018 502 1133 535 aetas
1163 488 1315 543 fuerit,
1346 492 1458 551 quae

170 565 463 613 translationis
491 564 586 611 iure
619 575 813 610 uteretur
839 562 1148 608 inverecunde.
1173 562 1302 617 Hoc,
1336 561 1459 624 quod

170 637 319 684 audire
337 637 473 700 vulgo
504 636 644 694 soles,
677 635 799 698 quod
826 634 942 696 apud
962 635 1161 680 Graecos
1187 633 1231 678 in
1264 648 1458 694 prover-

169 711 290 758 bium
315 709 463 764 ceffit3
484 708 580 754 talis
599 706 854 754 hominibus
872 704 954 751 fuit
973 705 1120 751 oratio
1141 740 1154 761 ,
1187 705 1325 767 qualis
1353 705 1455 752 vita.

171 783 564 846 Quemadmodum
593 794 739 828 autem
770 778 1112 842 uniuscuiusque
1138 779 1254 824 aelio
1295 778 1458 826 dicenti

171 856 317 910 similis
335 856 393 902 est
406 887 421 911 ‚
455 853 511 901 fic
531 871 665 918 genus
681 852 855 901 dicendi
872 852 1109 915 aliquando
1129 852 1327 898 imitatur
1347 854 1459 915 pub-

170 931 282 978 licos
302 947 460 978 mores.
487 930 529 975 Si
549 929 776 992 disciplina
801 926 987 974 civitatis
1009 925 1254 984 laboravit,
1287 938 1330 972 et
1354 928 1394 973 se
1412 927 1458 973 in

170 1002 345 1050 delicias
377 1002 527 1057 dedit,
561 1011 867 1063 argumentum
899 997 960 1045 est
995 998 1194 1045 luxuriae
1225 998 1458 1062 publicae,

172 1074 386 1121 orationis
411 1072 618 1126 lascivia:
643 1071 673 1117 fi
694 1071 834 1117 modo
854 1087 945 1117 non
975 1069 1018 1115 in
1048 1087 1140 1117 uno
1159 1087 1232 1119 aut
1249 1071 1293 1117 in
1319 1071 1460 1118 altero

171 1146 280 1203 fuit,
299 1145 369 1192 sed
398 1145 639 1207 approbata
667 1142 756 1199 est,
776 1156 820 1190 et
845 1156 1033 1205 recepta.
1063 1146 1169 1190 Non
1194 1143 1335 1206 potest
1353 1144 1462 1192 alius

172 1219 257 1266 effe
280 1219 460 1282 ingenio
476 1254 490 1276 ‚
518 1219 625 1264 alius
654 1217 804 1264 animo
824 1217 969 1265 color.
995 1218 1039 1264 Si
1072 1218 1143 1265 ille
1166 1220 1290 1266 sanus
1313 1219 1397 1277 est,
1430 1217 1463 1265 fi

171 1291 466 1354 compositus,
494 1290 640 1354 gravis
660 1325 673 1346 ,
704 1302 950 1353 temperans
974 1325 987 1345 ,
1012 1290 1247 1354 »ingenium
1280 1308 1463 1355 quoque

171 1367 330 1413 siccum
354 1383 403 1412 ac
429 1365 625 1411 sobrium
642 1364 704 1412 est
724 1383 734 1412 :
761 1365 838 1412 illo
856 1365 1042 1422 vitiato,
1071 1366 1160 1413 hoc
1183 1382 1364 1430 quoque
1397 1365 1461 1412 ass.-

171 1438 314 1486 flatur.
339 1440 444 1484 Non
475 1437 627 1494 vides,
654 1437 684 1483 si
714 1438 883 1489 animus
916 1437 1141 1501 elanguit,
1171 1438 1285 1485 trahi
1318 1456 1463 1486 mem-

173 1511 250 1560 bra
268 1545 281 1567 ‚
304 1522 346 1556 et
372 1510 493 1573 pigre
514 1510 687 1558 moveri
716 1510 875 1573 pedes?
907 1510 937 1555 fi
968 1510 1043 1556 ille
1073 1509 1346 1559 effeminatus
1370 1511 1461 1569 est,

173 1582 218 1629 in
242 1582 337 1644 ipso
362 1582 526 1628 inceffu
552 1598 762 1645 apparere
790 1581 1048 1629 mollitiem?
1077 1582 1103 1627 si
1124 1583 1194 1631 ille
1219 1585 1401 1632 acerest
1419 1598 1463 1634 et

174 1654 304 1702 velox
321 1689 333 1711 ,
359 1654 573 1700 concitari
599 1656 779 1717 gradum
798 1654 816 1700 Ρ
837 1655 865 1700 fi
890 1653 1022 1709 furit,
1051 1670 1125 1702 aut
1144 1653 1300 1719 (quod
1320 1656 1462 1709 furori

174 1726 309 1773 simile
330 1724 422 1789 est)
450 1725 671 1783 irascitur,
692 1726 912 1773 turbatum
932 1728 1017 1774 effe
1044 1729 1246 1790 corporis
1265 1745 1462 1790 motum',

175 1819 258 1848 nec
283 1801 370 1858 ire,
391 1800 463 1846 sed
481 1799 583 1846 ferri
601 1800 618 1848 ἓ
640 1802 822 1861 Quanto
838 1801 925 1848 hoc
945 1801 1082 1864 magis
1109 1802 1308 1849 accidere
1333 1802 1460 1867 inge-

175 1873 252 1921 nio
286 1888 436 1935 putas,
472 1874 597 1936 quod
625 1886 769 1920 totum
803 1874 953 1920 animo
987 1874 1255 1936 permixtum
1284 1875 1375 1922 est?
1407 1878 1464 1923 ab

173 1947 251 1998 illo
272 1945 474 2009 fingitur,
501 1945 561 1991 illi
590 1958 737 2007 paret,
769 1944 870 1992 inde
897 1947 1035 2009 legem
1063 1948 1185 2009 petit.
1212 1950 1465 2009 Quomodo

176 2021 408 2067 Maecenas
427 2018 615 2076 vixerit,
645 2019 790 2065 notius
809 2019 894 2076 est,
922 2037 1053 2083 quam
1079 2036 1126 2069 ut
1154 2024 1318 2069 narrari
1343 2041 1464 2072 nunc

175 2092 328 2138 debeat
351 2109 361 2138 :
382 2093 616 2156 quomodo
637 2093 930 2140 ambulaverit
947 2126 961 2149 ‚
983 2111 1114 2157 quam
1139 2096 1345 2143 delicatus
1366 2095 1464 2145 fue-

174 2166 257 2221 rit,
279 2182 408 2227 quam
436 2165 623 2228 cupierit
647 2166 792 2213 videri
808 2203 822 2231 2
845 2184 974 2230 quam
1003 2168 1111 2214 viria
1135 2169 1205 2215 sua
1232 2170 1467 2218 laterenm·

175 2240 316 2289 luerit.
344 2240 466 2300 Quid
496 2241 635 2303 ergo?
670 2257 761 2287 non
787 2242 931 2288 oratio
952 2244 1041 2289 eius
1061 2260 1199 2306 aeque
1227 2244 1365 2291 soluta
1386 2244 1466 2301 est,

176 2329 309 2376 quam
339 2312 427 2375 ipse
456 2313 718 2361 discinclus?
744 2331 833 2360 non
862 2327 949 2360 tarn
976 2315 1174 2379 insignita
1194 2315 1306 2364 illius
1333 2319 1469 2365 verba

177 2387 302 2445 sunt,
330 2405 460 2451 quam
491 2388 654 2445 cultus,
682 2407 811 2451 quam
842 2390 1100 2446 comitatus,
1131 2408 1264 2453 quam
1286 2393 1468 2451 domus,

176 2475 311 2523 quam
329 2460 475 2509 uxor?
509 2460 661 2525 Magni
687 2460 850 2525 ingenii
872 2462 941 2512 vir
964 2462 1127 2522 fuerat,
1150 2464 1179 2508 fi
1201 2463 1307 2511 illud
1321 2465 1469 2529 egiss'et

1175 2538 1206 2586 F
1242 2552 1266 2601 3
