1730 2870
544 133 1124 180 EPISTOLAE.
1391 147 1479 193 ¹¹9

470 279 949 324 EPISTOLA
1034 275 1210 323 CXX.

198 425 308 470 Boni
341 423 492 468 notitia
524 425 725 483 quomodo
757 425 818 467 ad
840 441 918 468 nos
951 424 1140 482 venerit?
1173 421 1480 482 observatione3

260 494 302 541 δ’
330 497 545 541 collacione
571 514 587 541 .·
622 512 776 542 natura
806 499 929 541 ctiam
962 499 1140 541 ducente.
1185 498 1310 541 Venit
1346 495 1389 542 ὃ*
1424 515 1479 541 ex

260 571 460 613 contrario
483 585 498 612 .·
523 571 570 612 id
594 569 668 634 cst,
695 570 784 613 vitii
811 569 1077 632 detestatione.
1105 569 1317 627 Describit
1344 570 1480 628 Sapi-

256 656 384 685 entem
404 675 418 696 ,
450 638 492 685 6²
528 643 650 701 vulgo
677 643 853 699 petenda
886 655 960 684 aut
998 642 1182 684 timenda
1217 644 1442 684 calcantem
1464 673 1480 694 ‚

258 715 382 756 etiam
406 714 540 772 ipfizm
569 728 744 757 mortem.
784 714 979 773 Denique
1004 729 1135 757 unum
1151 711 1339 771 fimper‚
1367 708 1481 774 &st-

260 788 302 830 hi
334 788 596 851 constantem.

200 901 292 1015 Ε
314 978 574 1012 PISTOLA
599 977 672 1011 tua
700 982 777 1027 per
804 964 946 1026 plures
976 960 1318 1025 quaestiunculas
1348 977 1478 1024 vaga-

194 1050 234 1082 ta
264 1037 352 1093 est,
390 1038 460 1084 sed
487 1039 530 1083 in
562 1055 642 1084 una
669 1038 890 1093 constitit,
922 1049 965 1082 et
997 1037 1107 1082 hanc
1136 1035 1332 1098 expediri
1366 1034 1476 1080 defi-

194 1108 339 1153 derat:
358 1109 607 1167 Quomodo
627 1110 680 1155 ad
698 1126 779 1156 nos
800 1107 908 1154 boni
930 1107 1187 1169 honestique
1213 1106 1365 1152 notitia
1387 1123 1478 1168 per-

196 1180 378 1224 venerit.
403 1181 522 1226 Haec
545 1181 634 1225 duo
656 1182 770 1241 apud
793 1180 900 1225 alios
925 1178 1092 1224 diversa
1119 1177 1215 1223 sunt
1231 1212 1243 1232 ‚
1263 1177 1376 1238 apud
1399 1192 1479 1223 nos

194 1264 358 1296 tautum
388 1251 538 1298 divisa.
569 1254 692 1312 Quid
722 1253 769 1298 fit
794 1253 908 1307 hoc,
929 1250 1086 1296 dicam.
1120 1251 1293 1296 Bonum
1322 1262 1478 1313 putant

193 1322 275 1370 effe
301 1324 466 1388 aliqui,
502 1326 626 1388 quod
656 1326 758 1372 utile
790 1324 863 1372 est.
898 1324 1044 1386 itaque
1082 1323 1171 1370 hoc
1197 1340 1240 1370 et
1274 1324 1439 1371 divitiis
1460 1357 1477 1381 ‚

193 1410 234 1444 et
261 1414 403 1460 equo,
433 1410 475 1444 et
495 1398 631 1456 vino,
653 1413 695 1446 et
725 1400 872 1446 calceo
903 1414 1068 1444 nomen
1090 1398 1356 1460 imponunt:
1380 1412 1474 1446 tan-

195 1487 236 1518 ta
263 1473 324 1518 est
343 1475 457 1535 apud
478 1475 575 1521 illos
593 1475 700 1521 boni
724 1476 864 1522 vilitas
879 1511 892 1532 ‚
911 1486 954 1521 et
977 1474 1088 1520 adeo
1107 1472 1241 1536 usque
1259 1474 1313 1520 ad
1334 1466 1475 1521 sordi-

193 1547 245 1592 da
274 1548 507 1595 descendit.
539 1549 783 1596 Honestum
813 1561 994 1612 putant,
1023 1547 1097 1594 cui
1125 1547 1238 1594 ratio
1272 1548 1375 1594 reffl
1400 1547 1472 1594 of-

192 1621 281 1670 ficii
310 1623 476 1670 constat
510 1643 521 1670 :
553 1636 755 1687 tanquam
788 1625 857 1687 pie
888 1634 1080 1670 curatam
1111 1621 1244 1684 patris
1278 1621 1474 1668 semustu-

193 1707 307 1753 tem,
327 1697 514 1742 adiutam
544 1698 672 1744 amici
693 1710 1018 1760 paupertatem,
1046 1695 1209 1742 fortem
1235 1695 1476 1757 expeditio·

193 1786 310 1826 nem,
334 1771 590 1831 prudentem
613 1772 970 1834 moderatamque
993 1769 1260 1816 sententiam.
1283 1768 1362 1814 Ista
1383 1769 1475 1815 duo

196 1844 375 1906 quidem
405 1843 612 1901 facimus,
641 1846 710 1891 sed
730 1863 784 1892 ex
809 1861 914 1891 uno.
946 1842 1066 1891 Nihil
1097 1842 1157 1888 est
1181 1843 1378 1898 bonum,
1396 1841 1474 1887 nifi

195 1917 318 1979 quod
344 1917 573 1963 honestum
594 1917 657 1964 est
678 1935 687 1962 :
709 1918 830 1980 quod
858 1916 1088 1963 honestum
1116 1914 1200 1970 est,
1223 1914 1372 1977 utique
1393 1915 1475 1961 bo-

195 2007 313 2036 num.
356 1991 685 2051 Supervacuum
715 1990 865 2036 iudico
889 1989 1105 2042 adiicere,
1133 1985 1239 2050 quid
1260 1986 1372 2032 inter
1398 1985 1474 2033 ista

196 2061 453 2107 discriminis
477 2061 554 2119 fit,
589 2078 689 2107 cum
718 2061 840 2124 saepe
874 2060 1075 2108 dixerim.
1112 2060 1213 2104 Hoc
1239 2075 1373 2104 unum
1403 2058 1474 2104 di-

196 2149 321 2179 cam:
350 2134 472 2180 Nihil
498 2134 624 2182 nobis
649 2134 815 2181 bonum
850 2133 1022 2191 videri,
1050 2149 1144 2195 quo
1171 2131 1266 2193 quis
1294 2146 1337 2178 et
1362 2133 1475 2178 male

196 2207 259 2254 uti
291 2208 444 2270 potest.
485 2209 617 2257 Vides
645 2224 815 2268 autem,
854 2209 1048 2265 divitiis,
1079 2205 1303 2252 nobilitate
1321 2241 1335 2263 ‚
1363 2206 1474 2253 viri-

195 2283 296 2339 bus,
316 2299 446 2343 quam
467 2284 590 2335 multi
608 2284 717 2330 male
736 2296 920 2329 utantur.
934 2283 977 2328 N
983 2298 1066 2328 unc
1080 2296 1185 2343 ergo
1203 2279 1314 2325 adid
1328 2296 1474 2326 rever·

196 2371 267 2402 tor
284 2391 299 2411 ‚
327 2356 379 2402 de
405 2372 496 2418 quo
513 2356 722 2403 desideras
742 2356 826 2402 dici
847 2373 857 2401 ε
879 2352 1130 2414 Quomodo
1154 2351 1209 2397 ad
1231 2367 1317 2397 nos
1331 2352 1472 2414 prima

197 2430 306 2488 boni
331 2429 590 2495 honestique
621 2429 778 2478 notitia
803 2427 1064 2493 pervenerit.
1093 2427 1195 2473 Hoc
1220 2442 1301 2473 nos
1335 2425 1471 2474 doce-

1158 2498 1200 2542 H
1237 2515 1267 2556 4
