1730 2870
537 152 1113 223 EpisTOLAE.
1397 178 1460 240 69

180 298 267 347 gua
294 281 445 330 video.
488 280 681 327 Dicebas
712 280 976 343 intrepidum
1004 281 1127 339 fore,
1159 280 1318 328 etiamst
1345 281 1460 330 circa

181 372 253 402 me
280 353 410 418 gladii
438 354 647 401 micarent
666 389 678 411 ‚
716 353 878 400 etiamsi
910 370 1066 401 mucro
1096 367 1287 416 tangeret
1321 354 1457 417 iugu-

179 427 270 473 lum
303 443 314 472 :
345 427 516 474 dicebas
547 426 746 473 securum
774 426 899 484 fore,
933 426 1094 473 etiamst
1129 426 1245 474 circa
1274 442 1343 472 me
1373 425 1457 472 fla·-

179 513 350 563 grarent
377 500 603 558 incendia,
626 501 790 547 etiamfi
816 502 976 550 subitus
1004 503 1138 549 turbo
1167 514 1264 549 toto
1296 517 1458 547 navem

179 590 320 620 meam
356 574 465 619 mari
496 585 675 635 raperet.
713 575 831 620 Haec
862 575 970 621 mihi
999 575 1160 637 praesta
1193 588 1240 621 tu
1262 609 1276 632 ‚
1304 586 1349 620 ut
1374 589 1461 620 vo-

178 646 415 708 luptatem,
451 658 498 692 ut
532 646 716 709 gloriam
749 661 1029 693 contemnam
1060 664 1071 693 ε
1098 646 1243 709 postea
1278 645 1461 692 docebis

180 718 387 780 implicita
407 718 575 765 solvere
591 755 606 774 ,
626 718 829 781 ambigna
847 717 1111 782 distinguere
1125 752 1139 777 ,
1156 717 1341 764 obscura
1360 733 1463 780 per-

180 791 372 854 spicere:
397 808 513 838 nunc
531 792 641 839 doce
656 827 671 848 ,
701 791 823 854 quod
847 790 1013 838 neceffe
1032 789 1109 838 est.

479 933 951 977 EPISTOLA
1039 930 1163 977 CX.

184 1061 530 1124 &eniosstngulis
547 1065 667 1107 datos
687 1078 704 1106 .·
723 1079 822 1122 quos
833 1061 1029 1119 faventes
1051 1063 1190 1117 habet,
1211 1061 1280 1121 qui
1293 1061 1464 1106 Bonam

245 1150 415 1178 mentem
441 1136 570 1180 habet.
603 1138 712 1178 Vota
742 1135 874 1198 nostra
901 1131 943 1178 δ’
967 1135 1122 1178 iudicia
1151 1134 1334 1193 improba
1359 1130 1431 1195 effe
1450 1167 1468 1191 ‚

241 1222 300 1249 res
326 1223 412 1249 non
447 1223 498 1249 ex
527 1223 621 1250 vero
643 1206 962 1271 aestimantium.
999 1209 1046 1248 V
1042 1223 1129 1250 arza
1158 1206 1319 1264 optari,
1346 1223 1461 1250 vana

245 1279 387 1322 timeri.
430 1280 664 1322 Remedium
687 1279 889 1338 utriusque
915 1298 940 1323 a
962 1278 1224 1337 Philqlbplzia
1242 1295 1257 1322 .·
1281 1295 1366 1337 quo.
1387 1294 1467 1323 7705

245 1364 377 1403 vocat,
393 1349 545 1408 spretis
554 1349 839 1408 fitpervacuis.
870 1351 1036 1394 Luxum
1057 1351 1231 1409 denique
1245 1350 1440 1409 producit
1452 1383 1473 1408 ²-

250 1419 293 1466 &
318 1422 488 1488 castigat
501 1455 514 1479 ,
538 1424 680 1469 Attali
698 1423 852 1484 egregia
881 1424 1077 1467 oracione.

185 1524 279 1639 E
298 1588 343 1633 X
384 1589 667 1636 Nomentano
696 1606 798 1637 meo
826 1600 868 1636 te
894 1589 1057 1648 saluto,
1085 1602 1129 1637 et
1156 1590 1288 1638 iubeo
1319 1604 1363 1638 te
1383 1591 1461 1638 ha-

182 1660 285 1707 bere
305 1672 494 1707 mentem
516 1662 696 1719 bonam,
716 1661 803 1708 hoc
818 1660 896 1716 est,
914 1661 1131 1724 propitios
1149 1663 1257 1710 deos
1275 1680 1429 1711 omnes
1445 1681 1464 1711 a

184 1750 295 1797 quos
319 1733 446 1779 habet
469 1734 660 1796 placatos
681 1747 725 1780 et
744 1733 967 1791 faventes,
985 1735 1177 1799 quisquis
1203 1735 1277 1784 fibi
1305 1735 1345 1783 se
1365 1754 1472 1797 pro·—

184 1807 368 1870 pitiavit.
403 1809 577 1868 Sepone
600 1806 642 1852 in
662 1807 897 1869 praesentia
913 1843 926 1865 ,
959 1825 1070 1870 quae
1091 1808 1349 1871 quibusdam
1367 1810 1464 1873 pla-

182 1892 310 1928 cent:
342 1878 596 1942 Unicuique
617 1879 809 1925 nostrum
836 1881 1135 1944 paedagogum
1162 1881 1254 1928 dari
1283 1882 1432 1928 Deum
1449 1919 1464 1942 ,

183 1971 276 1999 non
298 1953 473 2015 quidem
496 1952 767 1999 ordinarium
787 1985 802 2008 ‚
831 1953 900 1999 sed
920 1954 1038 2000 hunc
1058 1953 1279 2001 inferioris
1304 1968 1466 2015 notae,

183 2043 238 2072 ex
264 2041 421 2071 eorum
441 2040 627 2070 numero
654 2042 767 2088 quos
797 2025 987 2074 Ovidius
1006 2026 1091 2082 ait,
1117 2027 1171 2073 de
1198 2022 1323 2088 plebe
1343 2029 1467 2077 deos,

185 2100 245 2143 lta
271 2111 414 2143 tamen
435 2097 522 2144 hoc
557 2097 740 2159 seponas
765 2099 898 2153 volo,
929 2111 975 2145 ut
1000 2099 1248 2145 memineris
1276 2100 1464 2147 maiores

187 2170 383 2228 nostros,
408 2170 483 2234 qui
503 2171 780 2218 crediderunt
800 2171 909 2227 hoc,
928 2172 1099 2219 Stoicos
1118 2170 1240 2218 fuisse
1260 2189 1269 2217 :
1291 2171 1467 2235 singulis

186 2243 303 2288 enim
325 2255 367 2288 et
388 2242 578 2289 Genium
602 2257 645 2289 et
673 2246 885 2290 Iunonem
916 2243 1142 2290 dederunt.
1167 2243 1316 2290 Postea
1336 2245 1464 2291 vide-

185 2314 353 2372 bimus,
383 2331 435 2360 an
457 2326 622 2361 tantum
643 2315 723 2361 diis
743 2327 891 2374 vacet,
915 2327 964 2362 ut
987 2316 1263 2378 privatorum
1286 2317 1462 2380 negotia

187 2398 423 2449 procurent
442 2404 452 2431 :
482 2386 657 2433 interim
678 2387 787 2434 illud
808 2387 940 2446 scito,
968 2387 1057 2434 five
1078 2387 1268 2452 affignati
1288 2388 1433 2436 sumus
1447 2426 1471 2448 ᾗ,

186 2457 275 2507 five
301 2458 513 2523 negleffi,
537 2473 581 2508 et
601 2459 800 2509 fortunae
818 2459 935 2520 dati,
962 2459 1065 2507 nulli
1084 2472 1127 2507 te
1153 2459 1274 2521 posse
1295 2461 1470 2524 imprea

1108 2533 1144 2578 E
1179 2548 1206 2594 3
