1730 2870
508 143 1086 191 EPISTOLAE.
1348 157 1430 204 103

161 269 262 317 gere
293 269 421 317 quam
448 252 572 299 bono
599 250 769 313 potest=
798 265 1007 313 tanquam
1038 249 1248 313 pecunia,
1269 248 1439 306 forma,

163 327 374 373 nobilitas.
404 326 506 381 Hoc
527 360 540 381 ,
563 340 610 370 ut
637 324 795 386 sapiat,
815 324 1065 388 contingere
1089 321 1166 368 nisi
1195 322 1318 368 bono
1346 338 1438 368 non

162 400 330 463 potest:
359 415 465 461 ergo
494 397 748 445 indifferens
776 416 866 444 non
895 398 967 445 est.
1007 397 1143 461 Atqui
1183 413 1240 443 ne
1270 396 1435 443 malum

163 473 339 535 quidem
375 470 435 517 est
456 507 468 528 ‚
495 471 616 534 quod
641 471 894 531 contingere
917 471 1034 516 malo
1058 486 1149 516 non
1171 468 1332 532 potest:
1367 485 1437 515 er-

162 563 219 609 go
249 546 414 592 bonum
442 545 514 592 est.
541 545 677 605 Quod
704 543 780 590 nisi
801 544 942 590 bonus
969 560 1058 590 non
1087 545 1214 590 babet
1231 579 1245 602 ‚
1266 543 1436 589 bonum

162 619 251 666 est:
286 620 432 682 sapere
467 637 557 666 non
591 619 667 665 nisi
691 619 834 664 bonus
861 618 1018 664 habet:
1041 634 1149 680 ergo
1177 618 1344 664 bonum
1361 615 1436 662 est.

162 692 376 740 Accidens
402 693 462 740 est
479 729 492 751 ‚
508 692 650 756 inquit
663 725 677 749 ,
692 691 934 754 sapientiae.
965 691 1067 737 Hoc
1089 707 1194 754 ergo
1211 690 1334 753 quod
1353 705 1435 736 vo-

162 781 232 810 cas
259 765 430 828 sapere,
459 780 602 812 utrum
628 764 731 811 facit
755 763 1002 826 sapientiam
1018 799 1031 821 ‚
1054 781 1106 809 an
1127 763 1319 826 patitur?
1347 761 1436 809 five

162 837 264 884 facit
289 839 391 885 illud
411 875 424 897 ,
457 839 545 885 five
569 839 758 901 patitur,
781 851 970 900 utroque
1003 837 1141 883 modo
1177 852 1338 898 corpus
1364 834 1440 881 est,

163 913 276 957 Nam
297 924 340 958 et
365 913 488 975 quod
515 911 590 969 fit,
618 924 660 957 et
686 911 807 974 quod
835 910 965 966 facit,
986 926 1144 971 corpus
1171 908 1243 955 est.
1277 908 1305 953 si
1333 924 1435 955 cor-

161 1001 241 1046 pus
269 985 358 1042 est,
391 986 555 1031 bonum
591 983 680 1031 est:
716 1000 851 1029 unum
887 983 1003 1028 enim
1039 983 1187 1028 deerat
1221 981 1316 1037 illi,
1344 996 1437 1043 quo

164 1056 303 1102 minus
330 1058 496 1102 bonum
520 1056 648 1113 esset,
683 1056 804 1119 quod
831 1055 1108 1116 incorporale
1131 1067 1235 1100 erat.
1261 1054 1434 1115 Peripa-

164 1129 301 1175 teticis
337 1129 478 1191 placet
498 1160 511 1184 ,
536 1129 640 1174 nihil
682 1128 877 1175 interesse
898 1128 1010 1173 inter
1030 1128 1279 1190 sapientiam
1310 1140 1353 1174 et
1375 1125 1440 1172 sa-

161 1219 263 1264 pere
283 1238 295 1260 ,
318 1220 416 1248 cum
450 1203 496 1249 in
525 1204 734 1251 utrolibet
758 1220 915 1250 eorum
938 1214 981 1249 et
1006 1202 1191 1248 alterum
1216 1202 1276 1247 fit.
1295 1202 1440 1247 Num-

160 1276 266 1338 quid
281 1276 395 1321 enim
414 1293 663 1339 quenquam
678 1275 891 1320 existimas
907 1275 1050 1337 sapere
1065 1310 1077 1331 ,
1091 1274 1166 1319 nifi
1182 1274 1258 1337 qui
1276 1274 1438 1336 sapien-

164 1349 266 1394 tiam
286 1348 443 1394 habet?
473 1348 701 1411 Numquid
719 1363 970 1410 quenquam
987 1348 1061 1410 qui
1078 1346 1232 1409 sapiat,
1255 1361 1344 1392 non
1366 1363 1440 1409 pu·

160 1431 223 1467 tas
249 1420 406 1466 habere
436 1419 714 1482 sapientiam?
739 1419 975 1467 Dialeffici
1001 1433 1172 1466 veteres
1191 1418 1266 1465 ista
1288 1418 1440 1465 distin-

162 1510 301 1556 guunt
321 1513 330 1539 ε
361 1494 415 1540 ab
436 1495 516 1540 illis
549 1494 706 1540 divisio
742 1495 874 1557 usque
893 1495 945 1540 ad
966 1493 1138 1541 Stoicos
1159 1495 1292 1541 venit.
1312 1496 1438 1555 Qua-

162 1566 211 1611 lis
241 1565 289 1611 sit
310 1566 439 1623 haec,
465 1567 620 1613 dicam.
657 1566 783 1612 Aliud
802 1566 870 1615 ests
892 1582 995 1628 ager
1014 1599 1027 1620 ,
1057 1566 1173 1612 aliud
1192 1582 1339 1629 agrum
1368 1567 1443 1613 ha·

165 1639 280 1686 bere.
328 1639 531 1699 Quidni?
569 1657 668 1686 cum
701 1640 860 1686 habere
890 1657 1040 1703 agi-um
1085 1641 1140 1686 ad
1176 1640 1406 1687 habentem
1427 1677 1442 1698 ,

165 1729 255 1758 non
277 1713 328 1758 ad
353 1729 504 1776 agrum
527 1714 754 1776 pertineat.
776 1714 843 1760 Sic
863 1715 979 1760 aliud
996 1713 1055 1760 est
1076 1714 1280 1777 sapientia
1298 1750 1310 1771 ,
1327 1715 1453 1761 aliud*

164 1785 323 1848 sapere.
354 1788 468 1832 Puto
495 1789 711 1834 concedes
745 1787 836 1832 duo
863 1787 949 1833 esse
981 1786 1085 1833 haec
1105 1823 1117 1842 ‚
1147 1787 1191 1832 id
1219 1787 1343 1849 quod
1365 1787 1449 1833 ha-

164 1858 316 1913 betur,
341 1871 382 1905 et
405 1875 505 1905 eum
534 1860 608 1922 qui
634 1860 780 1905 habet:
814 1860 997 1905 habetur
1024 1859 1255 1921 sapientia:
1283 1860 1414 1907 habet
1428 1896 1455 1917 9.

162 1932 239 1993 qui
257 1931 375 1994 sapit.
407 1931 624 1993 Sapientia
649 1932 708 1977 est
740 1949 861 1978 mens
894 1932 1085 1995 perfesta
1105 1968 1118 1989 ‚
1158 1933 1228 1978 vel
1255 1933 1307 1978 ad
1327 1933 1443 1978 sunt-

165 2020 283 2049 mum
314 2003 619 2066 optimumque
650 2004 877 2066 perdueia:
906 2021 975 2051 ars
996 2004 1112 2050 enim
1134 2004 1252 2052 vitae
1277 2004 1349 2050 est.
1370 2006 1447 2051 Sa-

164 2093 268 2138 pere
294 2077 399 2140 quid
431 2076 521 2123 est?
550 2094 641 2123 non
674 2077 841 2138 possum
869 2078 1043 2135 dicere,
1075 2093 1197 2123 mens
1235 2077 1453 2140 perfefta,

166 2149 237 2196 sed
262 2150 305 2195 id
329 2150 452 2212 quod
471 2149 688 2212 contingit
708 2149 936 2212 perfeetam
963 2166 1151 2196 mentem
1176 2150 1360 2197 habenti.
1388 2153 1448 2196 lta

163 2222 348 2269 alterum
369 2221 428 2268 est
443 2259 456 2278 ,
475 2240 596 2270 mens
615 2224 731 2269 bona
749 2242 757 2267 ι
780 2224 961 2270 alterum
977 2261 990 2281 ‚
1007 2225 1123 2288 quafi
1149 2225 1307 2288 'habere
1321 2242 1445 2273 men-

165 2310 251 2341 tem
284 2295 459 2340 bonam.
494 2295 624 2352 Sunt,
652 2294 792 2357 inquit
816 2332 827 2352 ‚
849 2312 1022 2342 naturae
1045 2313 1288 2359 corporum
1311 2314 1322 2343 ε
1354 2308 1446 2343 tan·

165 2386 323 2432 quam„
340 2369 410 2416 hic
438 2369 579 2415 homo
596 2369 679 2427 est,
699 2371 769 2417 hic
795 2388 954 2434 equus:
972 2372 1046 2418 has
1080 2372 1237 2419 deinde
1261 2372 1448 2435 sequun-

166 2455 237 2488 tur
262 2454 410 2489 mot-us
445 2441 691 2501 animorum
715 2442 973 2491 enuntiativi
1000 2461 1256 2505 corporum.
1283 2445 1343 2491 Hi
1368 2444 1448 2490 baa

1073 2518 1179 2577 G4
