1730 2870
258 112 352 188 38⁸6
468 121 516 173 t„
551 95 781 171 ANNffl
813 123 1084 170 SENECAE
1119 92 1328 169 mnus

257 231 542 296 compescui?
579 230 683 278 ideo
713 229 878 294 legibus
905 229 1060 277 urbem
1088 227 1302 296 fundavi,
1331 224 1543 291 operibus

256 307 447 357 ornavi?
470 308 522 352 Et
547 305 652 368 quid
682 303 853 364 dicam,
881 307 929 352 P.
955 303 1011 352 C.
1034 319 1126 350 non
1149 301 1365 352 invenio:
1393 301 1546 350 omnia

256 377 371 428 infra
402 377 918 441 indignationemverba
950 376 1059 424 sunt.
1093 374 1457 438 Confugiendum
1483 373 1546 422 est

254 454 405 518 itaque
419 470 443 499 a
460 469 530 500 me
551 453 603 500 ad
618 452 820 500 Messalae
839 451 1031 500 Corvini
1044 449 1304 500 disertiffimi
1323 450 1410 497 viri
1427 449 1546 498 illam

220 566 223 567 γ
253 526 508 575 sententiam
522 524 767 573 :Praecidit
782 525 846 572 ius
867 523 1058 587 imperii.
1074 523 1172 582 hic,
1192 524 1238 570 Ρ.
1255 523 1307 569 C.
1321 523 1398 587 qui
1412 521 1543 571 nobis

255 616 347 647 non
371 597 493 663 posse
523 597 702 647 videtur
723 597 918 646 muscam
945 596 1159 654 excitare,
1180 606 1269 641 tam
1298 595 1425 644 facile
1454 597 1545 648 h0-,

254 674 395 721 mines
422 670 682 729 occidebat,
711 688 842 735 quam
865 669 983 719 canis
1010 667 1186 718 excidit.
1218 669 1304 715 Sed
1329 668 1437 732 quid
1455 685 1543 733 ego

253 746 310 793 de
329 758 400 792 tot
418 743 589 791 acribus
605 742 713 790 viris
732 741 902 790 dicam?
930 743 1038 789 Non
1057 755 1187 790 vacat
1209 738 1372 789 deflere
1391 740 1544 803 publi·-⁴

252 819 326 867 cas
345 816 514 875 clade5‚
542 816 728 863 intuenti
746 815 990 864 domestica
1003 814 1131 861 mala.
1153 817 1303 907 ltaque
1319 812 1389 861 illa
1403 814 1540 862 omit-

252 903 341 940 tam
358 924 371 947 ,
391 891 496 937 haec
519 889 723 938 referam.
741 891 915 938 Etiamsi
936 891 1154 938 Phormea
1175 875 1346 938 Graece
1371 890 1508 938 nescit
1522 925 1538 949 ,

252 983 340 1030 ego
361 965 1030 1014 scio.ENTIKONTONTKHNAIHE.
1063 963 1382 1022 senescit.1ste,
1402 980 1538 1028 quem

251 1041 443 1097 videtis,
464 1044 555 1101 per‘v
571 1050 639 1085 tot
656 1054 794 1085 annos
819 1036 897 1085 sub
919 1038 1021 1085 meo
1041 1038 1221 1085 nomine
1235 1037 1396 1097 latens,
1424 1038 1538 1088 hanc

250 1113 359 1160 mihi
391 1111 572 1177 gratiam
602 1111 780 1170 retulit,
811 1123 861 1159 ut
883 1112 988 1159 duas
1017 1112 1141 1158 Iulias
1164 1123 1403 1176 'proneptes
1421 1127 1541 1159 meas

241 1180 503 1244 occideret,
523 1186 699 1232 alteram
718 1185 864 1242 ferro,
883 1185 1062 1232 alteram
1079 1183 1226 1251 fame·
1243 1202 1384 1232 unum
1400 1185 1542 1240 abne-

248 1273 399 1324 potem
421 1260 468 1305 L.
486 1257 688 1304 Silanum.
707 1221 883 1305 Videris
907 1258 1097 1321 Iupiter,
1113 1275 1168 1305 an
1190 1257 1235 1304 in
1255 1257 1378 1306 causa
1395 1257 1542 1304 mala
1521 1291 1539 1318 ,

250 1346 371 1381 certe
390 1333 434 1379 in
465 1326 564 1390 tua,
597 1332 628 1379 fi
649 1332 722 1380 hic
748 1333 862 1379 inter
880 1348 962 1379 nos
981 1332 1150 1380 futursu
1177 1332 1252 1380 est.
1280 1332 1372 1380 Die
1390 1325 1498 1379 mihi
1518 1365 1536 1389 ,

248 1406 373 1454 Dive
391 1405 544 1452 Claudi
556 1441 570 1463 ,
587 1421 720 1468 quare
737 1421 988 1468 quenquam
1007 1422 1062 1452 ex
1079 1404 1170 1463 his,
1191 1421 1323 1468 quos,
1342 1404 1537 1469 quasque

248 1478 447 1528 occidisti
462 1514 474 1537 ‚
495 1493 729 1542 antequam
749 1479 803 1525 de
821 1478 945 1526 causa
964 1478 1254 1542 cognosceres
1270 1513 1283 1536 ,
1302 1492 1536 1542 antequam

235 1553 420 1608 ,audires
435 1588 448 1610 ‚
475 1550 716 1598 damnasti?
745 1551 833 1598 hoc
851 1549 947 1597 fieri
966 1549 1108 1597 solet?
1142 1550 1188 1597 in
1208 1550 1336 1598 coelo
1358 1567 1451 1598 non
1470 1550 1536 1600 fit.

245 1629 360 1674 Ecce
380 1625 542 1688 Iupiter
555 1661 568 1685 ‚
586 1626 663 1690 qui
679 1636 746 1674 tot
765 1641 903 1673 annos
919 1634 1096 1689 regnat,
1121 1624 1198 1672 uni
1214 1625 1418 1674 Vulcano
1435 1641 1534 1674 crus

244 1699 373 1764 fregit
386 1735 400 1757 ,
422 1715 556 1763 quem
711 1729 716 1735 -
1358 1739 1383 1744 -
1434 1718 1446 1724 “

305 1803 413 1855 ‘me
439 1804 563 1844 ποὸὂς
589 1802 772 1857 τεταγὼν
795 1803 876 1842 ἀπὸ
898 1800 1014 1848 βηλοῦ
1036 1800 1260 1849 &arealem

244 1913 288 1950 et
304 1901 437 1949 iratus
458 1900 541 1948 fuit
559 1900 719 1958 uxori,
737 1915 780 1948 et
799 1899 1019 1962 suspendit
1037 1898 1154 1946 illam
1175 1917 1186 1946 ε
1215 1898 1434 1963 numquid
1450 1915 1532 1948 oc-

206 1987 213 1999 ·
241 1975 379 2024 cidit?
405 1976 477 2021 Tu
497 1973 800 2031 Messalinam,
827 1974 948 2021 cuius
967 1990 1103 2037 aeque
1121 1973 1367 2021 avunculus
1388 1973 1531 2021 maior

240 2066 359 2096 eram
372 2085 384 2105 ‚
405 2065 537 2112 quam
555 2059 653 2094 tuus
667 2084 679 2103 ,
698 2046 912 2106 occidisti.
936 2047 1097 2094 Nescio
1112 2083 1126 2106 ‚
1144 2046 1322 2111 inquis?
1342 2046 1423 2094 Dii
1447 2047 1528 2095 tibi

238 2121 533 2169 malefaciant:
547 2122 659 2169 adeo
678 2120 791 2167 istud
807 2120 975 2184 turpius
989 2121 1065 2180 est,
1081 2122 1206 2185 quod
1225 2121 1378 2180 nescis,
1391 2137 1530 2185 quam

238 2195 364 2259 quod
383 2194 595 2242 occidisti.
624 2193 703 2241 Iste
722 2195 776 2241 C.
798 2194 1026 2241 Caesarem
1046 2211 1138 2242 non
1159 2193 1282 2243 desiit
1302 2207 1528 2243 mortuum

237 2267 452 2331 persequi.
486 2268 723 2316 Occiderat
754 2268 825 2314 ille
860 2268 1062 2315 socerum
1092 2286 1103 2315 ε
1136 2268 1209 2316 hie
1236 2282 1280 2316 et
1303 2285 1528 2350 generum.

236 2339 372 2386 Caius
402 2339 559 2386 Caesar
590 2339 729 2403 Craffi
758 2339 896 2387 filium
914 2341 1073 2391 vetuit
1102 2344 1314 2405 Magnum
1342 2341 1526 2391 vocari.

236 2411 311 2462 hic
334 2428 500 2462 nomen
525 2412 586 2461 illi
614 2414 803 2464 reddidi.
786 2430 803 2450 t
811 2427 981 2481 ‚caput
1007 2416 1124 2468 tulit.
1153 2417 1374 2469 Occidit
1362 2434 1408 2466 m
1439 2433 1524 2465 una
