1730 2870
365 101 624 148 NATUR.
675 101 970 161 QUAEST.
1020 102 1250 149 L1ss.vr.
1351 121 1442 168 317

165 208 366 256 audiendi
394 208 498 256 sunt.
547 207 677 254 Nulla
705 225 771 255 res
801 209 1100 256 consummata
1129 209 1216 268 est,
1243 210 1347 256 dum
1373 212 1443 257 in-

165 282 284 345 cipit.
321 283 418 328 Nec
446 281 491 326 in
519 281 600 327 hac
628 294 794 327 tantum
817 299 864 328 re
889 282 1090 328 omnium
1112 282 1297 328 maxima
1316 299 1448 345 atque

164 352 505 408 involutiffima,
527 353 572 398 in
591 369 675 416 qua
698 353 825 399 etiam
850 369 950 400 cum
977 356 1161 400 multum
1184 356 1324 402 actum
1341 357 1447 416 erit,

162 428 308 475 omnis
333 439 477 473 tamen
500 439 612 473 aetas
631 428 752 489 quod
782 440 904 491 agat,
925 429 1150 483 inveniet;
1171 430 1304 476 sedin
1323 430 1447 477 omni

162 502 251 547 alio
270 499 472 562 negotio,
494 500 622 562 longe
642 500 810 562 semper
823 519 846 547 a
865 500 1059 563 perfecto
1079 500 1199 547 fuere
1216 503 1446 566 principia.

233 576 308 619 VI.
341 575 387 618 In
419 590 527 637 aqua
552 573 722 619 causam
744 573 829 619 effe
845 609 857 630 ‚
884 591 964 620 nec
992 575 1046 620 ab
1066 590 1156 619 uno
1175 575 1337 621 dicium
1359 576 1448 633 est,

163 663 246 694 nec
270 662 362 693 uno
394 648 546 693 modo.
582 647 738 693 Thales
768 646 960 694 Milesius
988 659 1126 693 totam
1160 640 1321 694 terram'
1349 650 1448 696 sub-

160 717 274 765 iecto
309 718 471 765 iudicat
508 718 694 764 humore
729 718 896 779 portari
929 730 973 765 et
1008 718 1228 765 innatare:
1267 719 1356 766 five
1389 721 1444 766 il-

162 791 237 837 lud
267 807 481 838 oceanum
512 806 676 847 vocas,
706 789 793 836 five
820 807 1026 853 magnum
1057 806 1205 848 mare,
1232 791 1321 839 sive
1347 793 1447 840 alte·

162 866 251 911 rius
281 877 454 909 naturae
485 862 722 924 simplicem
762 863 902 910 adhuc
936 880 1095 926 aquam
1136 877 1180 911 et
1213 864 1445 914 humidum

163 939 443 985 elementum.
482 937 576 982 Hac
596 972 609 993 ‚
628 935 796 999 inquit,
818 937 933 985 unda
953 937 1184 984 sustinetur
1199 939 1344 997 orbis,
1364 957 1447 988 ve·

162 1010 226 1056 lut
252 1009 430 1072 aliquod
458 1007 618 1071 grande
647 1008 868 1070 navigium
892 1021 933 1054 et
959 1026 1090 1071 grave
1111 1010 1176 1056 his
1200 1010 1321 1074 aquis
1341 1029 1448 1074 quas

163 1083 335 1145 premit.
379 1083 706 1143 Supervacuum
742 1080 804 1127 est
837 1082 1018 1128 reddere
1048 1083 1192 1129 causas
1216 1119 1231 1139 ,
1262 1096 1446 1147 propter

161 1170 268 1216 quas
287 1153 525 1209 existimat,
549 1152 844 1215 gravissimam
865 1168 1030 1215 partem
1052 1154 1206 1200 mundi
1224 1172 1316 1201 non
1343 1155 1444 1217 pos-

161 1225 204 1272 se
221 1226 371 1288 spiritu
388 1239 476 1271 tam
498 1224 617 1271 tenui
638 1224 868 1289 sagacique
886 1226 1039 1289 gestari
1055 1245 1065 1272 :
1084 1242 1173 1271 non
1192 1228 1307 1274 enim
1327 1245 1442 1277 nunc

160 1299 215 1346 de
246 1299 327 1345 fitu
359 1313 599 1354 terrarum,
633 1299 704 1343 sed
737 1299 792 1344 de
823 1313 952 1345 motu
986 1300 1136 1362 agitur.
1171 1300 1278 1347 Illud
1312 1318 1443 1365 argu-

161 1371 298 1417 menti
326 1370 430 1417 loco
458 1367 609 1432 ponit,
644 1386 774 1432 aquas
802 1369 888 1417 effe
920 1370 965 1416 in
998 1371 1151 1425 causa,
1182 1372 1340 1435 quibus
1373 1373 1443 1421 bic

161 1444 282 1490 orbis
316 1444 522 1506 agitatur,
558 1444 681 1507 quod
707 1444 751 1489 in
783 1443 906 1489 omni
941 1444 1108 1490 maiore
1139 1458 1263 1492 motu
1295 1463 1443 1492 erum-

163 1533 273 1581 punt
293 1517 381 1564 fere
409 1518 516 1564 novi
544 1517 716 1564 fontes:
745 1517 850 1564 ficut
870 1517 913 1564 in
932 1517 1114 1581 navigiis
1133 1535 1314 1582 quoque
1336 1536 1443 1566 eve-

164 1589 228 1636 nit
245 1625 259 1647 ,
289 1601 337 1635 ut
365 1589 395 1635 fi
426 1589 629 1636 inclinata
654 1589 779 1645 sunt,
809 1601 853 1636 et
880 1589 1023 1635 abiere
1051 1590 1097 1635 in
1124 1590 1260 1649 latus,
1284 1607 1442 1654 aquam

161 1662 389 1716 sorbeant;
420 1679 528 1724 quae
558 1662 603 1708 in
631 1662 755 1708 omni
786 1677 923 1709 onere
943 1679 1098 1709 eorum
1120 1680 1230 1726 quae
1250 1664 1390 1720 vehit,
1409 1665 1441 1711 fi

163 1735 401 1782 immodice
428 1735 620 1795 depreffa
640 1735 737 1782 sunt
754 1770 766 1790 ,
787 1748 859 1781 aut
878 1734 1202 1798 superfunditur
1218 1772 1231 1793 ‚
1249 1752 1322 1784 aut
1347 1755 1440 1785 cer-

162 1820 204 1855 te
232 1809 380 1854 dextra
409 1808 657 1871 sinistraque
690 1807 819 1854 solito
857 1809 993 1872 magis
1020 1810 1163 1872 surgit.
1192 1809 1316 1858 Hanc
1344 1812 1443 1873 opi-

162 1884 342 1929 nionem
377 1882 521 1928 falsam
556 1882 662 1939 effe,
695 1900 784 1929 non
805 1882 865 1930 est
884 1883 957 1930 diu
988 1884 1296 1947 colligendum.
1325 1885 1442 1932 Nam

163 1953 193 2000 fi
221 1966 377 2000 terram
412 1971 522 2018 aqua
553 1955 804 2012 sustineret,
833 1967 927 2002 tota
960 1958 1196 2020 aliquando
1224 1970 1441 2005 concute-

164 2038 283 2072 retur
304 2062 318 2082 ,
336 2027 504 2089 semper
532 2042 786 2075 moveretur
805 2045 816 2073 :
850 2045 930 2076 nec
949 2030 1102 2093 agitari
1126 2030 1242 2076 illam
1264 2029 1442 2077 mirare-

162 2115 262 2144 mur
280 2133 292 2153 ,
314 2097 385 2144 sed
405 2116 593 2147 manere.
636 2101 754 2146 Tum
781 2114 874 2147 tota
904 2113 1215 2149 concuteretur
1232 2136 1246 2156 ,
1266 2118 1356 2147 non
1384 2119 1441 2149 ex

163 2183 314 2235 parte:
338 2188 561 2235 nunquam
592 2172 710 2219 enim
742 2174 864 2220 navis
889 2173 1068 2219 dimidia
1098 2174 1287 2220 iactatur,
1326 2191 1442 2222 nunc

164 2259 279 2289 vero
308 2259 397 2288 non
423 2259 631 2290 terrarum
658 2244 981 2301 universarum,
1009 2243 1080 2291 sed
1106 2262 1159 2290 ex
1188 2257 1309 2308 parte
1341 2262 1442 2292 mo-

164 2328 232 2361 tus
257 2314 327 2360 est.
364 2316 612 2376 Quomodo
641 2332 750 2378 ergo
777 2315 873 2363 fieri
902 2316 1068 2379 potest,
1089 2329 1137 2363 ut
1155 2318 1278 2380 quod
1297 2331 1442 2365 totum

165 2389 362 2450 vehitur,
383 2402 525 2439 toturn
546 2405 637 2437 non
655 2390 841 2454 agitetur
855 2425 870 2449 ,
893 2389 922 2436 fi
949 2390 994 2438 id
1022 2407 1112 2454 quo
1134 2391 1332 2453 vehitur,
1351 2391 1442 2456 agi—
