1730 2870
521 194 1096 240 EP1STOLAE.
1386 209 1438 257 25

177 303 355 366 patriam
386 303 549 349 reditus
585 302 900 364 proponimus;
931 300 1125 346 militiam
1146 331 1160 355 ‚
1187 310 1229 345 et
1257 297 1448 346 castren-

175 377 280 423 sium
305 375 502 421 laborum
523 374 644 420 tarda
663 373 934 435 manupretia
952 390 964 427 ;
997 372 1328 434 procurationes
1345 409 1357 428 ,
1378 371 1449 416 osl-

178 446 466 508 ficiorumque
492 462 569 506 per
601 445 748 492 officia
780 445 1033 507 processus:
1064 462 1164 491 cum
1193 443 1365 489 interim
1394 443 1448 488 ad

175 520 282 566 latus
312 536 432 565 mors
462 518 534 565 est.
563 535 673 580 quae
700 518 908 581 quoniam
945 535 1166 581 nunquam
1198 518 1415 580 cogitatur
1433 552 1449 574 ‚

178 592 252 638 nisi
294 592 430 639 aliena
450 610 463 645 3
508 591 635 638 nobis
664 592 845 638 subinde
879 591 1137 655 ingeruntur
1176 590 1452 636 mortalitatis

177 667 401 727 exempla,
430 683 521 713 non
551 666 738 719 diutius,
774 683 905 727 quam
937 667 1041 712 dum
1072 655 1312 719 miramur,
1343 664 1450 709 hae-

178 737 282 783 sura.
314 739 436 797 Quid
465 754 606 785 autem
638 739 699 784 est
723 737 915 795 stultius,
939 755 1070 801 quam
1110 737 1256 782 mirari
1283 736 1328 781 id
1358 735 1450 781 ullo

177 809 246 854 die
274 809 462 866 factum,
501 810 623 872 quod
656 810 780 855 omni
817 809 958 873 potest
1000 803 1121 855 fieri?
1156 809 1244 854 Stat
1269 807 1448 869 quidem

177 883 389 929 terminus
416 882 545 929 nobis
562 917 575 939 ‚
603 881 678 927 ubi
699 882 819 927 illum
847 881 1128 928 inexorabilis
1151 880 1339 926 fatorum
1369 896 1448 925 ne-

177 954 340 1001 ceffitas
366 954 460 1000 fixit
492 973 503 999 :
535 954 606 1000 sed
636 969 768 999 nemo
799 952 875 1000 scit
902 953 1121 1009 nostrum,
1149 968 1280 1014 quam
1307 968 1450 1013 prope

176 1028 385 1074 versetur.
408 1028 477 1074 Sic
502 1027 646 1089 itaque
668 1025 909 1072 formemus
927 1027 1144 1082 animum,
1173 1038 1379 1087 tanquam
1398 1025 1452 1069 ad

176 1114 371 1146 extrema
391 1111 572 1146 ventum
601 1099 682 1147 fit:
712 1098 818 1144 nihil
836 1098 1109 1153 differamus,
1137 1097 1331 1161 quotidie
1348 1114 1450 1143 cum

175 1172 264 1218 vita
281 1172 400 1233 paria
418 1172 639 1219 faciamus.
660 1171 899 1217 Maximum
918 1170 1035 1218 vitae
1053 1171 1210 1218 vitium
1232 1169 1313 1226 est,
1328 1170 1451 1232 quod

172 1243 425 1306 imperfecta
458 1243 626 1306 semper
660 1243 720 1289 est
739 1278 753 1301 ‚
787 1244 910 1324 quod
940 1244 1071 1290 etiam
1100 1244 1264 1306 aliquid
1295 1261 1349 1290 ex
1380 1244 1452 1290 illa

174 1318 386 1366 differtur.
426 1319 502 1382 qui
529 1318 727 1380 quotidie
756 1318 871 1363 vitae
901 1317 999 1364 suae
1031 1318 1242 1364 summam
1270 1336 1448 1364 manum

174 1389 410 1456 imposuit,
442 1410 535 1440 non
560 1391 726 1455 indiget
745 1404 956 1453 tempore.
986 1394 1051 1438 Ex
1071 1392 1151 1454 hac
1171 1404 1312 1438 autem
1333 1391 1447 1437 indi-

176 1465 317 1528 gentia
346 1465 481 1511 timor
500 1465 713 1521 nascitur,
746 1476 789 1511 et
818 1464 1028 1525 cupiditas
1058 1450 1224 1523 futuri,
1261 1465 1450 1511 exedens

175 1537 382 1583 animum.
401 1536 523 1582 Nihil
543 1536 603 1585 est
630 1536 822 1583 miserius
849 1536 1119 1582 dubitatione
1143 1536 1411 1583 venientium
1432 1569 1448 1592 ,

174 1611 381 1673 quorsum
415 1612 616 1658 evadant.
654 1613 881 1672 Quantum
913 1611 960 1656 fit
992 1611 1096 1657 illud
1131 1612 1254 1674 quod
1289 1611 1414 1657 restat
1435 1648 1452 1668 ‚

175 1694 246 1728 aut
264 1682 416 1744 quale,
443 1683 622 1729 collecta
641 1698 764 1728 mens
788 1683 1081 1744 inexplicabili
1102 1683 1341 1730 formidine
1361 1683 1426 1745 agi
1430 1710 1449 1719 -

174 1766 297 1800 tatur.
312 1755 561 1814 Quomodo
576 1754 830 1817 effugiemus
847 1755 956 1800 hanc
977 1756 1315 1801 volutationem.
1307 1755 1323 1790 ²
1338 1772 1448 1813 uno,

175 1828 206 1872 fi
224 1826 311 1873 vita
331 1826 474 1872 nostra
495 1843 585 1871 non
605 1826 869 1888 prominebit
884 1861 897 1882 2
927 1825 956 1871 fi
976 1827 1021 1872 in
1042 1827 1082 1874 se
1103 1828 1342 1891 colligetur.
1375 1828 1450 1874 llle

175 1901 289 1951 enim
307 1917 361 1946 ex
387 1899 534 1947 futuro
555 1900 850 1962 suspenditur,
881 1901 950 1946 cui
970 1901 1140 1948 irritum
1161 1902 1220 1948 est
1239 1902 1451 1963 praesens.

177 1972 265 2018 Ubi
297 1988 408 2018 vero
436 1971 788 2035 quidquid-mihi
817 1972 972 2029 debui,
1005 1973 1225 2019 redditum
1249 1973 1310 2020 est
1328 2009 1341 2030 ‚
1372 1972 1450 2019 ubi

175 2044 354 2095 stabilita
373 2060 492 2091 mens
514 2044 618 2100 scit,
645 2043 752 2089 nihil
771 2043 970 2090 interesse
993 2044 1105 2090 inter
1129 2044 1246 2094 diem
1269 2063 1311 2092 et
1331 2046 1447 2093 secu-

177 2117 266 2165 lum
287 2134 297 2162 :
320 2117 534 2181 quidquid
552 2117 754 2178 deinceps
772 2116 939 2162 dierum
961 2133 1194 2181 rerumque
1214 2132 1452 2166 venturum

177 2188 264 2245 est,
299 2206 351 2234 ex
388 2189 476 2235 alto
508 2188 751 2251 prospicit,
782 2201 825 2234 et
865 2206 964 2235 cum
999 2190 1139 2237 multo
1175 2190 1260 2236 risu
1299 2191 1451 2239 seriem

178 2275 426 2332 temporum
446 2262 620 2325 cogitat.
648 2262 770 2322 Quid
794 2263 911 2308 enim
938 2264 1122 2310 varietas
1144 2265 1449 2329 mobilitasque

176 2334 346 2381 casuum
374 2336 672 2401 perturbabit,
706 2336 734 2381 fi
763 2349 904 2383 certus
942 2336 993 2387 sit
1018 2338 1220 2387 adversus
1252 2340 1448 2388 incerta?

177 2409 312 2465 Ideo,
340 2409 399 2455 mi
419 2410 577 2465 Lucili,
611 2427 796 2472 propera
831 2410 1015 2457 vivere:
1037 2426 1080 2459 et
1109 2413 1298 2476 singulos
1326 2415 1416 2462 dies
1436 2451 1451 2472 ‚

176 2482 358 2546 sing-„alas
389 2484 498 2533 vitas
529 2490 645 2546 puta.
669 2485 760 2545 Qui
791 2485 877 2532 hoc
907 2486 1046 2534 modo
1079 2489 1121 2537 se
1148 2488 1344 2551 aptabit,
1377 2489 1448 2538 cui
