1730 2870
544 140 1125 187 EPISTOLAE.
1386 156 1473 202 1¹7

194 246 298 292 mihi
320 263 375 292 ex
407 245 473 292 h'is
508 262 698 308 quorum
727 245 906 291 nomina
927 263 1028 292 cum
1050 244 1205 291 Craffo
1232 244 1476 308 Licinoque

194 330 494 374 numerantur,
523 318 567 363 in
587 318 779 363 medium
809 317 910 365 licet
927 318 1178 380 protrahas:
1200 318 1352 365 afferat
1371 335 1472 365 cen-

194 393 284 439 sum
303 423 317 444 ‚
348 402 390 436 et
417 389 630 452 quid-quid
657 389 787 435 habet
807 424 820 447 ‚
846 404 890 436 et
922 390 1138 454 quidquid
1158 390 1322 454 sperat,
1348 391 1471 437 simul

171 473 450 526 computet:
484 460 560 507 iste
579 496 591 517 ,
614 461 644 506 fi
668 460 775 506 mibi
805 461 944 507 credis
964 497 977 518 ,
1008 478 1172 524 pauper
1199 461 1290 518 est3
1322 462 1349 508 fi
1368 462 1471 517 tibi,

192 534 334 599 potest
367 532 467 580 effe.
504 537 559 578 At
588 532 660 579 hic
693 532 770 596 qui
809 533 849 578 se
880 533 934 578 ad
969 533 1012 582 id
1042 536 1164 597 quod
1194 548 1342 581 natura
1374 534 1469 580 exi-

131 641 137 645 -
190 609 252 673 git
273 641 286 663 ‚
321 607 599 670 composuit,
628 622 719 652 non
753 618 918 652 tantum
953 620 1081 659 extra,
1094 606 1258 656 sensum
1283 607 1343 654 est
1360 624 1470 670 pau-

192 683 395 745 penatis,
425 683 497 728 sed
515 695 637 728 extra
661 692 841 727 metum.
871 681 955 727 Sed
973 694 1021 728 ut
1039 682 1167 741 scias,
1192 700 1326 747 quam
1355 685 1470 731 diffi-

192 762 271 806 cile
304 760 352 807 fit
374 777 440 806 res
458 759 550 806 suas
570 760 624 805 ad
659 759 893 805 naturalem
926 759 1108 806 modum
1132 761 1377 817 mareiam,
1399 761 1472 809 hic

192 833 282 896 ipse
308 840 439 896 quem
469 832 585 879 circa
624 846 821 878 naturam
852 832 1041 879 diximus
1059 868 1072 890 ‚
1111 850 1240 895 quem
1263 845 1311 879 tu
1332 849 1470 881 vocas

190 924 427 970 pauperem
449 938 463 962 ,
487 907 619 953 habet
640 905 808 968 aliquid
837 921 881 953 et
912 906 1186 968 supervacui.
1225 910 1281 952 At
1317 923 1471 954 excae-

192 992 290 1025 cant
313 979 555 1040 populum,
583 993 627 1024 et
655 980 701 1022 in
737 977 777 1023 se
803 991 1070 1024 convertunt
1097 996 1204 1040 opes
1223 1016 1235 1036 ‚
1255 979 1284 1024 fi
1310 996 1471 1026 nume·

191 1052 268 1098 rati
307 1051 493 1097 multum
531 1066 587 1096 ex
621 1050 762 1112 aliqua
799 1051 939 1096 domo
969 1051 1180 1109 effertur,
1213 1054 1242 1098 fi
1282 1055 1471 1099 multum

190 1123 282 1169 auri
318 1124 435 1168 meto
469 1138 651 1185 quoque
682 1123 775 1168 eius
795 1123 976 1169 illinitur
993 1159 1005 1179 ,
1042 1124 1073 1170 si
1095 1125 1252 1170 familia
1272 1138 1345 1171 aut
1370 1142 1472 1171 corn

190 1196 372 1259 poribus
406 1195 575 1250 eleeta,
609 1207 682 1242 aut
714 1196 955 1258 speeiabilis
991 1197 1110 1244 cultu
1147 1198 1221 1245 est.
1254 1199 1470 1244 Omnium

191 1268 372 1315 istorum
404 1267 584 1315 felicitas
603 1267 647 1313 in
669 1267 893 1330 publicum
916 1269 1076 1332 spestat
1099 1288 1111 1316 ε
1139 1270 1209 1317 ille
1237 1288 1367 1334 quem
1391 1288 1475 1318 nos

189 1358 232 1389 et
259 1342 426 1404 populo
442 1352 486 1387 et
511 1340 715 1387 fortunae
736 1341 1045 1402 subduximus,
1068 1344 1216 1391 beatus
1235 1345 1471 1392 introrsum

189 1418 262 1464 est.
299 1418 412 1462 Nam
442 1417 563 1479 quod
592 1416 648 1462 ad
678 1415 778 1462 illos
818 1417 1037 1477 pertinet,
1071 1418 1189 1479 apud
1220 1434 1335 1481 quos
1363 1419 1471 1466 falso

192 1490 444 1536 divitiarum
486 1505 653 1536 nomen
691 1488 847 1535 invasit
878 1501 1093 1552 occupata
1122 1504 1379 1552 paupertas:
1414 1491 1473 1538 fic

193 1561 368 1608 divitias
393 1561 553 1607 habent
569 1596 583 1618 ,
613 1561 848 1622 quomodo
877 1561 1034 1608 habere
1055 1562 1244 1608 dicimur
1276 1561 1443 1608 febrem
1462 1597 1476 1616 ,

192 1651 292 1680 cum
323 1633 397 1678 illa
425 1649 507 1679 nos
534 1632 702 1678 habeat.
737 1633 773 1677 E
802 1634 1029 1680 contrario
1057 1634 1204 1681 dicere
1234 1635 1443 1680 debemus
1461 1651 1474 1678 ε

194 1707 340 1754 Febris
365 1707 487 1753 illum
516 1718 648 1753 tenet.
676 1706 834 1752 eodem
861 1707 1001 1753 modo
1019 1707 1253 1770 dicendum
1277 1706 1365 1763 est,
1389 1707 1477 1753 Di-

197 1780 327 1826 vitiae
365 1779 488 1825 illum
511 1790 674 1825 tenent.
706 1779 825 1824 Nihil
848 1795 956 1842 ergo
984 1780 1201 1826 monuisse
1232 1793 1275 1827 te
1301 1780 1446 1826 malim
1463 1815 1485 1837 ,¹

193 1869 324 1916 quam
361 1852 476 1909 hoc,
511 1851 636 1914 quod
672 1867 805 1897 nemo
846 1864 1051 1898 monetur
1084 1852 1213 1899 satis:
1249 1864 1297 1899 ut
1327 1852 1478 1898 omnia

193 1925 458 1972 naturalibus
477 1924 699 1972 desideriis
732 1926 920 1972 metiaris
940 1963 953 1984 ‚
986 1927 1145 1988 quibus
1163 1939 1235 1974 aut
1266 1926 1395 1989 gratis
1413 1926 1481 1972 sa-

193 1998 247 2044 tis
276 1997 373 2053 fiat,
403 1990 478 2044 aut
502 2014 657 2060 parvo.
691 2000 883 2044 Tantum
911 1999 1094 2046 miscere
1124 1999 1229 2046 vitia
1258 1997 1480 2046 desideriis

195 2071 299 2117 noli.
343 2070 530 2131 Quaeris
547 2107 561 2130 ‚
593 2071 708 2134 quali
744 2071 886 2117 mensa
906 2108 920 2129 ‚
946 2072 1063 2136 quali
1099 2084 1281 2135 argento
1300 2108 1314 2129 ,
1342 2087 1482 2134 quam

190 2143 361 2203 paribus
381 2143 624 2190 ministeriis
644 2175 659 2198 ‚
694 2155 736 2190 et
761 2143 931 2191 levibus
950 2180 964 2200 ,
995 2143 1200 2192 afferatur
1223 2143 1379 2191 cibus?
1405 2143 1477 2190 ni·-

190 2216 247 2263 hil
273 2229 442 2278 praeter
462 2215 608 2262 cibum
635 2229 786 2262 natura
808 2216 1032 2265 desiderat.

261 2291 377 2334 Num
411 2290 488 2333 tihi
502 2324 518 2345 ‚
544 2307 634 2335 cum
664 2290 814 2349 fauces
842 2294 925 2336 urit
934 2291 1037 2354 sitis
1053 2326 1068 2348 ,
1096 2309 1220 2338 aurea
1247 2290 1410 2353 quaeris

262 2373 420 2416 Pocula
435 2373 459 2415 ,Ρ
488 2389 588 2416 num
618 2371 800 2431 esuriens
817 2372 989 2438 fastidis
1011 2375 1156 2419 omnia
1176 2390 1338 2435 praeter

276 2445 482 2490 Pavonem
516 2445 801 2506 rhombumque
818 2449 844 2492 ,θ

1124 2522 1171 2568 Η
1206 2539 1233 2585 3·
