1730 2870
255 126 356 177 424
421 113 460 162 E
486 114 665 162 LissRls
690 112 959 164 SENECAE
994 116 1390 168 FRAGMENTA.

251 236 348 271 tum
369 222 514 269 dicere
529 257 541 277 ‚
567 221 868 268 involaturum
892 222 933 268 se
960 223 1175 285 quaedam
1207 224 1398 289 Virgilio
1417 261 1430 282 ‚
1456 226 1486 273 si
1506 245 1548 289 εις
1571 280 1574 281 ⁷

253 315 414 344 vocem
436 296 595 359 posset,
619 307 662 342 et
678 297 1104 359 0903-.et.hypocris1n.
1120 301 1299 347 eosdem
1317 301 1433 347 enim
1453 318 1548 348 ver-

252 371 344 426 sus,
367 386 421 416 eo
442 362 784 432 pronnntiante‘,
807 369 919 416 bene
955 369 1138 429 sonare3
1162 373 1249 421 fine
1268 375 1373 435 illo,
1405 375 1547 424 inare-

249 443 370 491 scere
395 441 512 506 quasi
531 452 692 489 mutos.
735 505 740 510 1

618 526 788 571 Servius
819 518 867 570 z‘n
890 512 966 571 VJ.
989 528 1168 574 Aeneid.

260 623 502 706 35⁵⁰ssOE
508 620 672 683 scripfit
691 620 755 666 de
785 620 864 665 situ
885 632 929 666 et
951 620 1081 667 sacris
1104 620 1447 686 Aegyptiorum.
1473 624 1545 674 hic

203 690 220 717 '⁴
249 693 382 753 dicit',
394 689 534 749 circa
546 694 741 750 Sienem,
759 705 1000 739 extremam
1022 696 1217 758 Aegypti
1243 710 1439 758 partem,
1458 699 1544 746 effe

250 771 424 825 locum,
444 784 576 831 quem
611 766 780 823 Philas,
798 765 887 811 hoc
914 765 998 823 est,
1029 767 1203 814 Amicas
1228 784 1418 817 vocant.
1439 770 1542 818 ideo
1571 774 1593 818 Ὺ

248 841 373 902 quod
389 841 475 886 illic
493 839 553 885 est
574 839 738 902 placata
758 838 811 884 ab
846 839 1067 920 Aegyptis
1084 838 1179 896 Isis,
1200 841 1274 904 qui
1262 839 1357 889 ibus
1381 841 1540 890 irasce-

250 915 278 961 l:
283 930 378 961 atur
393 947 406 968 ‚
426 914 547 977 quod
568 913 766 959 membra
796 911 939 958 mariti
961 912 1147 960 Osiridis
1161 930 1250 961 non
1263 914 1539 975 mvemebat,
1574 946 1576 949 -

248 1004 380 1050 quem
403 985 538 1032 frater
558 984 762 1049 Typhon
782 985 1022 1031 occiderat.
1040 986 1167 1046 Quae
1185 986 1364 1034 inventa
1392 987 1540 1049 postea

247 1076 349 1107 cum
377 1060 556 1123 sepelire
576 1059 732 1115 vellet,
751 1057 878 1121 elegit
900 1057 1071 1106 vicinae
1089 1059 1255 1121 paludis
1283 1059 1539 1108 tutiffimum

246 1136 395 1182 locum
412 1171 426 1193 ,
445 1151 577 1195 quem
598 1134 653 1179 ad
677 1132 900 1180 tranfitum
921 1132 1090 1180 constat
1116 1133 1201 1182 effe
1230 1132 1467 1183 difficilem.
1483 1135 1537 1183 li—

245 1209 366 1257 mosa
383 1207 500 1255 enim
515 1206 576 1255 est
590 1221 633 1253 et
646 1204 833 1270 papyris
858 1204 1035 1253 referta.
1096 1235 1104 1238 -

549 1306 663 1348 Idem
683 1303 852 1348 Servius
882 1303 930 1348 in
957 1315 1034 1349 IX.
1054 1303 1233 1348 Aeneid.

310 1401 486 1462 Ganges
508 1398 669 1445 fluvius
694 1398 841 1444 Indiae
863 1397 924 1444 est
944 1433 959 1455 ,
979 1397 1053 1461 qui
1071 1398 1306 1460 secundnm
1326 1398 1533 1445 Senecam

244 1473 292 1520 in
311 1474 391 1519 situ
410 1473 556 1520 Indiae
570 1489 736 1519 novem
752 1472 885 1518 alveis
904 1470 1025 1529 fluit,
1051 1471 1289 1518 secundum
1306 1472 1533 1518 Melonem

243 1545 438 1606 septem:
459 1544 533 1606 qui
562 1557 708 1590 tamen
734 1557 776 1589 et
797 1543 886 1605 ipse
919 1555 1267 1600 commemorat,
1296 1543 1533 1591 nonnullos

242 1618 388 1666 dicere
401 1653 420 1676 ‚
442 1616 564 1681 quod
584 1615 718 1663 tribus
735 1614 871 1664 alveis
887 1614 1008 1664 fluat.

638 1714 884 1774 Priscianus
908 1715 980 1762 lib.
1010 1730 1044 1763 V
1046 1728 1070 1760 I
1073 1728 1114 1762 Ι

308 1812 469 1858 Seneca
487 1809 708 1858 Ovidium
729 1808 937 1874 sequens,
956 1810 1157 1874 Gausapa
1176 1808 1205 1856 fi
1229 1809 1396 1871 sumsit,
1420 1826 1529 1875 gau·

242 1884 340 1948 sapa
359 1885 495 1933 sumta
517 1884 673 1948 proba.

469 1985 701 2030 Concilium
727 1982 956 2043 Turonense
976 1995 1027 2028 II
1041 2016 1055 2041 ‚
1084 1983 1190 2028 Can.
1212 1994 1305 2028 XV.

306 2078 459 2143 Aliqui
490 2081 638 2140 Laici,
666 2082 771 2129 dum
809 2080 981 2130 diversa
1017 2091 1266 2143 perpetrant
1291 2077 1527 2136 adulteria,

242 2153 330 2198 hoc
348 2154 474 2215 quod
510 2154 563 2200 de
588 2153 629 2200 se
650 2154 811 2209 sciunt,
833 2152 876 2199 in
900 2153 989 2199 aliis
1012 2151 1302 2215 suspicantur,
1332 2150 1438 2198 ficut
1467 2151 1526 2198 ait

239 2226 402 2271 Seneca
420 2259 433 2282 ‚
456 2225 684 2287 peffimuni
704 2227 750 2274 in
767 2243 824 2273 eo
845 2226 1002 2273 vitium
1018 2224 1104 2272 effe
1122 2260 1136 2284 ‚
1155 2223 1232 2289 qui
1252 2223 1359 2272 inid
1371 2258 1385 2284 ‚
1402 2223 1523 2288 quod

239 2296 394 2344 insanit
414 2333 428 2356 ,
447 2311 616 2349 ceteros
635 2310 757 2363 putat
778 2298 932 2346 furere0
1020 2289 1025 2293 i
