1730 2870
398 84 484 130 DE
517 83 736 133 MORTE
769 82 858 129 CL.
894 81 1187 128 CAESARls.
1343 81 1431 146 383

291 201 410 261 Quae
429 199 571 259 patria
586 233 598 253 ‚
619 217 719 258 quae
733 217 832 260 gens
859 202 1002 244 mobile
1018 200 1167 244 eduxit
1189 214 1313 259 caput
1326 234 1341 258 ,

289 270 480 336 Ediffere.
508 274 683 331 equidem
703 291 824 334 regna
843 275 1056 334 tergemini
1069 289 1213 333 petens

287 345 535 405 Longinqua
553 346 656 405 regis
672 378 685 400 ,
703 348 809 389 unde
825 347 878 389 ab
899 346 1095 405 Hesperio
1113 347 1222 390 mari

285 418 506 462 Inachiam
526 419 585 461 ad
600 419 729 462 urbem
754 420 894 463 nobile*
905 421 1060 463 advexi
1070 438 1193 478 pecus
1207 455 1223 476 ,

291 490 398 533 Vidi
419 492 576 534 duobus
596 491 820 535 imminens
833 490 987 552 fluviis
1009 493 1151 552 iugum

289 564 419 623 Quod
433 566 619 609 Phoebus
642 566 898 624 ortusemper
920 566 1082 624 obversi>
1102 568 1214 612 videt
1228 585 1245 612 .·

291 639 378 682 Ubi
395 639 630 682 Rhodanus
649 639 793 699 ingens
819 657 940 684 amne
955 641 1200 698 praerapido
1207 641 1315 702 fluit
1327 675 1343 699 ,

285 711 479 768 Ararque
496 711 692 753 dubitans
713 727 793 768 quo
803 710 909 768 sitos
930 710 1071 768 curfics
1092 727 1191 772 agat
1204 742 1219 764 ‚

289 784 458 827 Tacitus
482 784 630 843 quietis
651 784 775 828 alluit
795 785 906 843 ripas
923 786 1056 829 vadis.

284 858 409 922 Estne
431 858 506 902 illa
524 861 641 903 tellus
655 858 840 918 spiritus
860 859 995 902 altrix
1013 857 1078 902 tui
1090 859 1116 902 ἓ

156 996 278 1042 Haec
304 994 401 1042 satis
431 995 624 1042 animose
650 1007 692 1042 et
721 994 906 1042 fortiter.
947 994 1248 1044 Nihilominus
1279 996 1436 1045 mentis

156 1069 254 1115 suae
272 1085 364 1114 non
391 1069 480 1126 est,
505 1081 547 1115 et
567 1068 691 1114 timet
705 1074 828 1129 μωρεϋ
850 1074 1024 1128 πληγήν.
1055 1069 1263 1115 Claudius
1291 1082 1338 1116 ut
1367 1071 1438 1117 vi-

156 1139 218 1185 dit
235 1138 383 1185 virum
405 1139 619 1186 valentem
636 1174 649 1195 ,
674 1138 838 1184 oblitus
866 1154 1073 1199 nugarum
1089 1174 1103 1198 ‚
1133 1140 1341 1187 intellexit
1357 1158 1437 1189 ne-

154 1209 315 1256 minem
338 1227 481 1273 parem
509 1211 584 1255 fibi
607 1211 778 1255 Romae
798 1207 953 1254 fuisse:
983 1209 1067 1256 illic
1095 1227 1184 1256 non
1206 1210 1368 1258 habere
1393 1213 1436 1259 se

154 1282 269 1329 idem
301 1283 488 1345 gratiae:
517 1279 760 1329 Gallum‘in
790 1282 869 1327 suo
891 1281 1164 1345 sterquilinio
1195 1283 1434 1345 plurimum

154 1355 288 1419 poffe.
321 1359 466 1420 ltaque
498 1367 708 1419 quantum
749 1353 932 1417 intelligi
971 1357 1144 1417 potuit,
1181 1357 1287 1404 haec
1318 1359 1438 1407 visus

155 1427 216 1474 est
241 1427 412 1474 dicere:
436 1430 531 1490 Ego
548 1439 617 1485 te,
632 1426 860 1473 fortiffime
880 1426 1064 1472 deorum
1087 1429 1320 1487 Hercules,
1335 1431 1438 1494 spe-

155 1500 251 1547 ravi
276 1499 381 1546 mihi
412 1498 648 1545 affuturum
671 1498 786 1560 apud
809 1497 917 1543 alios
936 1515 946 1541 :
974 1513 1017 1544 et
1045 1498 1073 1543 fi
1094 1499 1192 1562 quis
1211 1518 1233 1546 a
1256 1519 1326 1548 me
1355 1520 1439 1550 no-

154 1585 298 1618 torem
326 1570 518 1632 petiffet,
549 1583 591 1616 te
611 1569 676 1616 fui
707 1570 1035 1628 nominaturus,
1064 1572 1139 1634 qui
1170 1589 1241 1619 me
1269 1575 1441 1637 optime

155 1644 281 1691 nosti.
310 1644 423 1690 Nam
449 1644 479 1689 fi
501 1645 716 1692 memoria
750 1645 936 1706 repetis,
965 1661 1050 1707 ego
1081 1661 1198 1692 eram
1219 1682 1233 1703 ,
1260 1648 1334 1711 qui
1358 1650 1443 1698 tibi

155 1733 256 1767 ante
275 1719 486 1781 templum
518 1731 641 1764 tuum
673 1719 738 1765 ius
759 1720 956 1766 dicebam
984 1719 1087 1766 totis
1118 1722 1271 1769 diebus
1294 1727 1442 1773 mense

155 1791 267 1838 Iulio
297 1805 340 1836 et
371 1789 575 1854 Augusto.
604 1791 675 1837 Tu
707 1792 786 1838 scis
815 1807 1026 1855 quantum
1053 1794 1142 1841 illic
1166 1796 1438 1848 miseriarum

155 1862 408 1929 pertulerim
440 1898 454 1919 ‚
489 1880 588 1909 cum
629 1864 865 1912 causidicos
902 1867 1126 1925 audirem,
1161 1880 1204 1914 et
1239 1871 1355 1917 diem
1394 1885 1439 1921 et

155 1939 356 1984 moelem:
387 1936 439 1993 in¹
459 1952 570 1998 quos
591 1936 620 1982 fi
640 1938 877 1997 incidisses,
897 1940 1023 1986 valde
1043 1940 1170 1987 fortis
1192 1943 1316 1999 licet,
1343 1963 1440 1994 ma-

95 2043 100 2048 .
153 2011 294 2057 luisses
313 2010 497 2055 Cloacas
517 2011 684 2072 Angiae
702 2027 886 2074 purgare
907 2030 918 2059 :
945 2012 1085 2059 multo
1107 2014 1201 2075 plus
1220 2033 1304 2078 ego
1329 2017 1438 2065 ster-

153 2085 269 2132 coris
287 2082 474 2129 exhaust.
502 2084 583 2129 Sed
599 2086 810 2147 quoniam
832 2086 966 2141 volo,
987 2103 1076 2132 non
1099 2087 1260 2134 mirum
1277 2123 1290 2143 ‚
1310 2092 1438 2152 quod

153 2159 366 2221 impetum
388 2158 433 2203 in
454 2159 615 2204 curia‘m
645 2159 809 2205 fecisti:
837 2160 943 2205 nihil
969 2161 1049 2207 tibi
1076 2160 1177 2207 clnfi
1196 2163 1270 2219 est.
1291 2166 1439 2214 Modo

154 2231 224 2277 dic
245 2231 370 2277 nobis
386 2266 398 2287 ‚
428 2232 597 2293 qualem
617 2232 745 2278 deum
767 2232 896 2279 istum
923 2231 1018 2279 fieri
1042 2234 1154 2280 velis
1174 2252 1185 2279 τ
1207 2243 1437 2298 {maed-fame

153 2315 239 2353 θεὸς
257 2320 345 2349 non
362 2305 501 2365 potest
517 2304 624 2351 effe:
645 2312 730 2352 οὔτε
745 2309 865 2353 αὐτὸς
880 2315 1059 2367 ’πρᾶγμα
1074 2313 1180 2367 ἔχει,
1195 2314 1281 2354 οὔτε
1298 2304 1436 2355 dimota·

155 2386 340 2440 παρέχει,
359 2376 555 2425 Stoicus?
585 2378 823 2441 quomodo
849 2377 991 2440 potest
1011 2379 1227 2426 rotundus
1253 2379 1336 2427 effe
1358 2377 1438 2442 (ut
