1730 2870
991 74 1010 82 s

299 153 387 214 178
461 166 463 168 ’
553 155 602 202 L.
652 154 948 201 ANNAEI
995 154 1353 203 SENECAE

293 260 471 323 speculo
492 260 760 308 ostendatur.
781 242 1014 324 Quidquid
1033 262 1149 309 enim
1172 263 1320 321 videt,
1345 263 1499 312 reddit.
1517 267 1577 313 ha

292 334 382 382 illic
408 351 586 397 quoque
616 334 661 380 in
692 334 892 392 sublimi,
925 335 955 380 fi
983 335 1119 382 nubes
1142 335 1237 384 fors
1261 337 1404 400 aliqua
1428 338 1594 399 dispo-.

293 407 398 466 suit,
419 423 467 454 ut
486 407 600 453 inter
618 406 659 452 se
685 406 949 468 adspiciam,
980 408 1110 454 altera
1133 411 1266 456 nubes
1289 410 1388 456 solis
1416 410 1575 473 imagi-

294 496 424 539 nem,
451 480 584 526 altera
606 479 804 543 imaginis
833 480 987 526 reddit.
1019 482 1199 528 Debent
1221 497 1363 529 autem
1383 484 1462 530 h3e
1491 502 1576 530 nu-

294 553 372 599 bes
386 588 400 608 ,
418 569 528 616 quae
545 553 634 600 hoc
647 553 862 616 praestant
876 589 889 609 ,
919 554 1073 601 densae
1095 554 1206 613 effe,
1233 556 1378 603 laeves
1393 593 1407 615 ,
1427 558 1574 619 splen-

293 627 450 684 didae,
474 626 601 690 plane
624 640 801 674 naturae
828 626 939 674 solis.
976 627 1160 675 Obthoc
1187 629 1336 674 omnia
1358 646 1471 692 quae
1491 630 1574 675 hu-

289 698 478 746 iusmodi
502 698 598 745 sunt
624 700 846 747 simulacra
864 735 877 757 ‚
905 699 1088 747 candida
1107 700 1201 746 sunt
1217 735 1231 757 ,
1261 715 1304 747 et
1322 700 1472 747 similia
1501 701 1571 746 lu-

292 773 468 820 naribus
496 772 699 820 circulis:
722 772 824 834 quia
861 789 916 819 ex
948 773 1150 834 percussu
1181 773 1358 836 oblique
1389 789 1573 836 accepto

291 846 382 894 sole
410 846 696 909 resplendent
726 848 842 892 Nam
863 845 894 891 fi
916 846 1031 892 infla
1049 846 1182 893 solem
1201 847 1336 893 nubes
1356 846 1483 893 fuerit
1501 882 1514 904 ‚
1530 862 1573 894 et

289 921 500 985 propior,
518 920 571 967 ab
589 936 646 967 eo
666 920 917 983 dissipatur:
950 920 1081 984 longe
1104 934 1245 968 autem
1271 920 1407 984 polita
1425 922 1571 969 radios

290 1011 385 1041 non
412 993 619 1050 remittit,
651 1010 732 1040 nec
761 992 996 1056 imaginem
1023 993 1167 1039 efficit.
1203 993 1320 1053 Quia
1345 993 1462 1055 apud
1491 1011 1572 1041 nos

290 1083 473 1129 quoque
507 1066 678 1130 specula
707 1082 806 1113 cum
843 1081 866 1110 3
895 1064 1022 1111 nobis
1049 1065 1204 1127 procul
1231 1065 1413 1111 abdufia
1445 1064 1573 1124 sunt,

289 1142 415 1188 iacies
417 1159 444 1187 i
482 1157 573 1186 non
607 1141 822 1196 reddunt,
860 1137 960 1202 quia
997 1137 1109 1184 acies
1147 1136 1290 1184 nostra
1323 1153 1414 1184 non
1445 1137 1574 1184 habet

291 1215 387 1261 ism
406 1215 504 1260 <33d
526 1230 606 1260 nos
633 1211 872 1260 recursum.
899 1211 1152 1258 pluviarum
1173 1224 1317 1257 autem
1336 1210 1438 1258 ethi
1459 1210 1571 1257 soles

290 1288 409 1353 (utar
428 1288 544 1336 enim
564 1287 714 1334 histori
703 1304 768 1334 *ca
786 1283 955 1348 lingua)
978 1286 1138 1332 indicia
1159 1285 1282 1332 sunt:
1308 1285 1460 1349 utique
1488 1284 1518 1330 fi
1546 1302 1571 1331 a

288 1375 411 1426 parte
447 1361 590 1409 Austri
617 1361 754 1408 consti
744 1373 904 1408 terunt
923 1392 936 1416 ,
964 1361 1080 1406 unde
1100 1360 1311 1407 maximae
1342 1360 1515 1406 nubes
1505 1376 1572 1405 m-

288 1436 578 1499 gravescunt:
602 1452 704 1483 cum
724 1434 927 1498 utrinque
945 1433 1076 1487 solem
1099 1433 1235 1480 cinxit
1252 1433 1345 1481 talis
1376 1433 1538 1497 effigies
1556 1469 1572 1492 ,

291 1509 351 1570 (fi
370 1511 506 1555 Arato
525 1506 767 1570 credimus)
797 1505 1025 1569 tempestas
1044 1506 1190 1568 surgit.

282 1621 284 1623 ,
350 1585 476 1629 XIV.
496 1583 694 1642 Tempus
710 1581 801 1636 est,
827 1580 880 1626 ali
884 1586 934 1627 os
952 1597 1131 1643 quoque
1153 1581 1272 1644 ignes
1291 1594 1568 1643 percurrere,

286 1674 478 1721 quorum
498 1655 693 1702 diversae
713 1654 872 1718 figurae
891 1654 995 1701 sunt.
1022 1654 1266 1718 Aliquando
1288 1654 1447 1701 emicat
1465 1655 1568 1702 stel-

286 1732 353 1789 la,
384 1729 619 1793 aliquando
647 1728 826 1774 ardores
855 1727 977 1781 sunt,
1015 1726 1250 1789 aliquando
1282 1727 1356 1775 fixi
1387 1741 1430 1775 et
1462 1731 1567 1776 hae-

285 1818 426 1852 rentes
444 1836 457 1858 ,
482 1818 799 1864 nonnunquam
817 1801 1045 1848 volubiles.
1080 1803 1251 1847 Horum
1273 1804 1393 1864 plura
1411 1819 1571 1866 genera

280 1877 627 1940 conspiciuntur.
661 1876 768 1921 Sunt
798 1875 1061 1938 Bothynoe,
1102 1871 1202 1921 culn
1243 1877 1366 1923 velut
1398 1893 1567 1923 corona

282 1952 484 2012 cingente
523 1947 738 1995 introrsus
772 1947 925 2011 ingens
961 1947 1073 1994 coeli
1105 1948 1290 1995 recessus
1323 1948 1384 1995 est
1422 1949 1569 1996 similis

282 2022 461 2070 effoffae
479 2021 523 2066 in
538 2022 691 2066 orbem
713 2021 952 2082 speluncae.
981 2021 1088 2067 Sunt
1104 2021 1302 2086 Pithy3e‚
1325 2039 1424 2068 cum
1444 2040 1566 2087 mag-

282 2100 440 2145 nitudo
468 2096 577 2143 vasti
602 2095 871 2158 rotundique
897 2096 1008 2159 ignis
1037 2097 1161 2142 dolio
1190 2097 1363 2152 similis,
1388 2098 1458 2144 vel
1478 2098 1565 2144 fer-

281 2185 382 2228 tut·⁵
406 2171 479 2217 vel
505 2169 551 2215 in
581 2184 674 2214 uno
706 2168 810 2214 loco
830 2167 996 2230 flagrat.
1025 2171 1133 2215 Sunt
1160 2169 1388 2216 Chasmata
1406 2205 1420 2226 ‚
1454 2185 1557 2216 cum

282 2245 463 2309 aliquod
481 2243 596 2290 coeli
615 2243 797 2305 spatium
817 2242 1019 2298 discedit,
1042 2255 1084 2289 et
1100 2242 1321 2312 flammam
1342 2244 1563 2292 dehiscens

278 2317 403 2365 velut
422 2318 466 2363 in
483 2316 633 2362 abdito
652 2316 849 2366 ostentat.
875 2315 1063 2362 Colores
1083 2333 1261 2380 quoque
1282 2318 1440 2362 horum
1462 2333 1560 2362 om-

280 2390 402 2437 nium
431 2388 607 2452 plufimi
633 2388 738 2435 sunt.
772 2388 965 2448 Quidam
996 2391 1170 2437 ruboris
1197 2390 1396 2437 acerrimi
1414 2425 1430 2446 ‚
1454 2390 1557 2452 qui-

278 2462 380 2509 dam
408 2462 622 2512 evanidae
652 2478 703 2510 ac
736 2462 845 2513 levis
879 2461 1109 2523 flammae,
1141 2463 1319 2526 quidam
1349 2461 1557 2509 candidae
1584 2464 1589 2474 ¹

1710 2154 1723 2181 i,

1691 2180 1730 2227 cf

1716 2230 1730 2247 pn

1711 2279 1714 2289 Ι

1712 2318 1722 2347 ,Ἰ-

1696 2340 1730 2392 ἢ,
