<?xml version="1.0" encoding="UTF-8"?>
<!DOCTYPE html PUBLIC "-//W3C//DTD XHTML 1.0 Transitional//EN"
    "http://www.w3.org/TR/xhtml1/DTD/xhtml1-transitional.dtd">
<html xmlns="http://www.w3.org/1999/xhtml" xml:lang="en" lang="en">
 <head>
  <title>
</title>
<meta http-equiv="Content-Type" content="text/html;charset=utf-8" />
  <meta name='ocr-system' content='tesseract 3.04.00' />
  <meta name='ocr-capabilities' content='ocr_page ocr_carea ocr_par ocr_line ocrx_word'/>
</head>
<body>
  <div class='ocr_page' id='page_1' title='image "./lannaeisenecaeph04seneuoft_0153.png"; bbox 0 0 1730 2870; ppageno 0'>
   <div class='ocr_carea' id='block_1_1' title="bbox 534 131 1465 194">
    <p class='ocr_par' dir='ltr' id='par_1_1' title="bbox 534 131 1465 194">
     <span class='ocr_line' id='line_1_1' title="bbox 534 131 1465 194; baseline -0.002 -16"><span class='ocrx_word' id='word_1_1' title='bbox 534 131 1114 178; x_wconf 79' lang='lat' dir='ltr'>EPISTOLAE.</span> <span class='ocrx_word' id='word_1_2' title='bbox 1377 147 1465 194; x_wconf 84' lang='lat'><strong>147</strong></span> 
     </span>
    </p>
   </div>
   <div class='ocr_carea' id='block_1_2' title="bbox 181 236 1517 2489">
    <p class='ocr_par' dir='ltr' id='par_1_2' title="bbox 181 236 1517 2489">
     <span class='ocr_line' id='line_1_2' title="bbox 187 236 1466 301; baseline 0 -15"><span class='ocrx_word' id='word_1_3' title='bbox 187 240 386 287; x_wconf 89' lang='lat' dir='ltr'><strong>modum.</strong></span> <span class='ocrx_word' id='word_1_4' title='bbox 423 241 485 285; x_wconf 84' lang='lat' dir='ltr'><strong>Ita</strong></span> <span class='ocrx_word' id='word_1_5' title='bbox 514 237 680 284; x_wconf 87' lang='lat' dir='ltr'><strong>bonum</strong></span> <span class='ocrx_word' id='word_1_6' title='bbox 709 236 754 283; x_wconf 91' lang='lat' dir='ltr'><strong>in</strong></span> <span class='ocrx_word' id='word_1_7' title='bbox 784 237 905 283; x_wconf 81' lang='lat' dir='ltr'><strong>nullo</strong></span> <span class='ocrx_word' id='word_1_8' title='bbox 932 237 1020 295; x_wconf 85' lang='lat' dir='ltr'><strong>est,</strong></span> <span class='ocrx_word' id='word_1_9' title='bbox 1049 236 1125 283; x_wconf 77' lang='lat' dir='ltr'><strong>nisi</strong></span> <span class='ocrx_word' id='word_1_10' title='bbox 1154 237 1198 283; x_wconf 89' lang='lat' dir='ltr'><strong>in</strong></span> <span class='ocrx_word' id='word_1_11' title='bbox 1224 253 1315 301; x_wconf 87' lang='lat' dir='ltr'><strong>quo</strong></span> <span class='ocrx_word' id='word_1_12' title='bbox 1338 240 1466 288; x_wconf 78' lang='lat' dir='ltr'><strong>ratio.</strong></span> 
     </span>
     <span class='ocr_line' id='line_1_3' title="bbox 186 309 1468 375; baseline -0.002 -15"><span class='ocrx_word' id='word_1_13' title='bbox 186 316 294 374; x_wconf 85' lang='lat' dir='ltr'><strong>Quo</strong></span> <span class='ocrx_word' id='word_1_14' title='bbox 315 328 426 360; x_wconf 90' lang='lat' dir='ltr'><strong>nunc</strong></span> <span class='ocrx_word' id='word_1_15' title='bbox 454 313 669 375; x_wconf 82' lang='lat' dir='ltr'>pertineat</span> <span class='ocrx_word' id='word_1_16' title='bbox 692 311 765 356; x_wconf 71' lang='lat' dir='ltr'><strong>ista</strong></span> <span class='ocrx_word' id='word_1_17' title='bbox 790 309 1024 371; x_wconf 82' lang='lat' dir='ltr'><strong>disputatio</strong></span> <span class='ocrx_word' id='word_1_18' title='bbox 1039 345 1052 369; x_wconf 90' lang='lat'><strong><em>‚</em></strong></span> <span class='ocrx_word' id='word_1_19' title='bbox 1071 311 1270 374; x_wconf 86' lang='lat' dir='ltr'><strong>quaeris,</strong></span> <span class='ocrx_word' id='word_1_20' title='bbox 1296 326 1339 359; x_wconf 91' lang='lat' dir='ltr'><strong>et</strong></span> <span class='ocrx_word' id='word_1_21' title='bbox 1357 312 1468 374; x_wconf 87' lang='lat' dir='ltr'><strong>quid</strong></span> 
     </span>
     <span class='ocr_line' id='line_1_4' title="bbox 187 383 1466 448; baseline -0.004 -15"><span class='ocrx_word' id='word_1_22' title='bbox 187 389 334 434; x_wconf 82' lang='lat' dir='ltr'><strong>animo</strong></span> <span class='ocrx_word' id='word_1_23' title='bbox 367 399 449 432; x_wconf 87' lang='lat' dir='ltr'><strong>tuo</strong></span> <span class='ocrx_word' id='word_1_24' title='bbox 489 385 716 448; x_wconf 79' lang='lat' dir='ltr'><strong>profutura</strong></span> <span class='ocrx_word' id='word_1_25' title='bbox 746 384 825 430; x_wconf 84' lang='lat' dir='ltr'><strong>fit?</strong></span> <span class='ocrx_word' id='word_1_26' title='bbox 857 383 994 429; x_wconf 82' lang='lat' dir='ltr'><strong>Dico.</strong></span> <span class='ocrx_word' id='word_1_27' title='bbox 1036 394 1078 429; x_wconf 89' lang='lat' dir='ltr'><strong>et</strong></span> <span class='ocrx_word' id='word_1_28' title='bbox 1108 395 1282 430; x_wconf 76' lang='lat' dir='ltr'><strong>exercet</strong></span> <span class='ocrx_word' id='word_1_29' title='bbox 1312 383 1431 428; x_wconf 88' lang='lat' dir='ltr'><strong>illum</strong></span> <span class='ocrx_word' id='word_1_30' title='bbox 1450 416 1466 440; x_wconf 86' lang='lat'>‚</span> 
     </span>
     <span class='ocr_line' id='line_1_5' title="bbox 187 456 1467 520; baseline -0.004 -13"><span class='ocrx_word' id='word_1_31' title='bbox 187 474 228 507; x_wconf 84' lang='lat' dir='ltr'><strong>et</strong></span> <span class='ocrx_word' id='word_1_32' title='bbox 247 460 384 513; x_wconf 82' lang='lat' dir='ltr'>acuit,</span> <span class='ocrx_word' id='word_1_33' title='bbox 416 472 458 505; x_wconf 88' lang='lat' dir='ltr'><strong>et</strong></span> <span class='ocrx_word' id='word_1_34' title='bbox 487 459 635 520; x_wconf 85' lang='lat' dir='ltr'><strong>utique</strong></span> <span class='ocrx_word' id='word_1_35' title='bbox 664 457 825 519; x_wconf 82' lang='lat' dir='ltr'><strong>aliquid</strong></span> <span class='ocrx_word' id='word_1_36' title='bbox 845 457 1039 502; x_wconf 55' lang='lat' dir='ltr'><strong>aelurum</strong></span> <span class='ocrx_word' id='word_1_37' title='bbox 1061 456 1358 517; x_wconf 84' lang='lat' dir='ltr'><strong>occupatione</strong></span> <span class='ocrx_word' id='word_1_38' title='bbox 1377 456 1467 502; x_wconf 87' lang='lat' dir='ltr'><strong>ho·</strong></span> 
     </span>
     <span class='ocr_line' id='line_1_6' title="bbox 186 527 1466 590; baseline -0.002 -14"><span class='ocrx_word' id='word_1_39' title='bbox 186 531 299 578; x_wconf 79' lang='lat' dir='ltr'><strong>nesta</strong></span> <span class='ocrx_word' id='word_1_40' title='bbox 325 546 453 577; x_wconf 84' lang='lat' dir='ltr'><strong>tenet.</strong></span> <span class='ocrx_word' id='word_1_41' title='bbox 486 528 666 576; x_wconf 85' lang='lat' dir='ltr'><strong>Prodest</strong></span> <span class='ocrx_word' id='word_1_42' title='bbox 689 544 835 574; x_wconf 81' lang='lat' dir='ltr'><strong>autem</strong></span> <span class='ocrx_word' id='word_1_43' title='bbox 862 538 905 573; x_wconf 88' lang='lat' dir='ltr'><strong>et</strong></span> <span class='ocrx_word' id='word_1_44' title='bbox 924 527 1048 589; x_wconf 86' lang='lat' dir='ltr'><strong>quod</strong></span> <span class='ocrx_word' id='word_1_45' title='bbox 1072 539 1268 574; x_wconf 85' lang='lat' dir='ltr'><strong>moratur</strong></span> <span class='ocrx_word' id='word_1_46' title='bbox 1293 527 1348 573; x_wconf 86' lang='lat' dir='ltr'><strong>ad</strong></span> <span class='ocrx_word' id='word_1_47' title='bbox 1367 542 1466 590; x_wconf 83' lang='lat' dir='ltr'><strong>pra-</strong></span> 
     </span>
     <span class='ocr_line' id='line_1_7' title="bbox 186 601 1466 667; baseline -0.003 -17"><span class='ocrx_word' id='word_1_48' title='bbox 186 622 241 650; x_wconf 82' lang='lat' dir='ltr'><strong>va</strong></span> <span class='ocrx_word' id='word_1_49' title='bbox 271 620 594 667; x_wconf 79' lang='lat' dir='ltr'><strong>properantem.</strong></span> <span class='ocrx_word' id='word_1_50' title='bbox 622 603 706 649; x_wconf 86' lang='lat' dir='ltr'><strong>Sed</strong></span> <span class='ocrx_word' id='word_1_51' title='bbox 742 602 845 647; x_wconf 87' lang='lat' dir='ltr'><strong>illud</strong></span> <span class='ocrx_word' id='word_1_52' title='bbox 873 605 1002 657; x_wconf 86' lang='lat' dir='ltr'><strong>dico,</strong></span> <span class='ocrx_word' id='word_1_53' title='bbox 1037 601 1162 646; x_wconf 92' lang='lat' dir='ltr'><strong>nullo</strong></span> <span class='ocrx_word' id='word_1_54' title='bbox 1185 601 1327 648; x_wconf 88' lang='lat' dir='ltr'><strong>modo</strong></span> <span class='ocrx_word' id='word_1_55' title='bbox 1355 617 1466 663; x_wconf 70' lang='lat' dir='ltr'><strong>pro-</strong></span> 
     </span>
     <span class='ocr_line' id='line_1_8' title="bbox 184 671 1465 739; baseline -0.002 -15"><span class='ocrx_word' id='word_1_56' title='bbox 184 678 297 724; x_wconf 81' lang='lat' dir='ltr'><strong>deffe</strong></span> <span class='ocrx_word' id='word_1_57' title='bbox 324 679 401 723; x_wconf 88' lang='lat' dir='ltr'><strong>tibi</strong></span> <span class='ocrx_word' id='word_1_58' title='bbox 432 677 606 739; x_wconf 74' lang='lat' dir='ltr'><strong>possum</strong></span> <span class='ocrx_word' id='word_1_59' title='bbox 635 677 791 738; x_wconf 72' lang='lat' dir='ltr'><strong>magis,</strong></span> <span class='ocrx_word' id='word_1_60' title='bbox 821 691 952 737; x_wconf 83' lang='lat' dir='ltr'><strong>quam</strong></span> <span class='ocrx_word' id='word_1_61' title='bbox 979 671 1008 719; x_wconf 82' lang='lat' dir='ltr'>fi</span> <span class='ocrx_word' id='word_1_62' title='bbox 1041 673 1120 719; x_wconf 86' lang='lat' dir='ltr'><strong>tibi</strong></span> <span class='ocrx_word' id='word_1_63' title='bbox 1141 673 1309 719; x_wconf 88' lang='lat' dir='ltr'><strong>bonum</strong></span> <span class='ocrx_word' id='word_1_64' title='bbox 1337 686 1465 721; x_wconf 88' lang='lat' dir='ltr'><strong>tuum</strong></span> 
     </span>
     <span class='ocr_line' id='line_1_9' title="bbox 185 746 1466 807; baseline -0.002 -11"><span class='ocrx_word' id='word_1_65' title='bbox 185 751 400 806; x_wconf 83' lang='lat' dir='ltr'><strong>ostend0‚</strong></span> <span class='ocrx_word' id='word_1_66' title='bbox 434 750 461 796; x_wconf 82' lang='lat' dir='ltr'><strong>fi</strong></span> <span class='ocrx_word' id='word_1_67' title='bbox 492 766 535 797; x_wconf 80' lang='lat' dir='ltr'><strong>te</strong></span> <span class='ocrx_word' id='word_1_68' title='bbox 571 766 595 795; x_wconf 84' lang='lat' dir='ltr'>a</span> <span class='ocrx_word' id='word_1_69' title='bbox 624 749 755 794; x_wconf 87' lang='lat' dir='ltr'><strong>mutis</strong></span> <span class='ocrx_word' id='word_1_70' title='bbox 797 747 1052 793; x_wconf 78' lang='lat' dir='ltr'>animalibus</span> <span class='ocrx_word' id='word_1_71' title='bbox 1083 746 1265 807; x_wconf 76' lang='lat' dir='ltr'><strong>separo,</strong></span> <span class='ocrx_word' id='word_1_72' title='bbox 1301 746 1330 791; x_wconf 80' lang='lat' dir='ltr'><strong>si</strong></span> <span class='ocrx_word' id='word_1_73' title='bbox 1363 763 1466 794; x_wconf 87' lang='lat' dir='ltr'><strong>cum</strong></span> 
     </span>
     <span class='ocr_line' id='line_1_10' title="bbox 184 819 1469 887; baseline -0.005 -15"><span class='ocrx_word' id='word_1_74' title='bbox 184 827 289 872; x_wconf 92' lang='lat' dir='ltr'><strong>Deo</strong></span> <span class='ocrx_word' id='word_1_75' title='bbox 311 841 445 887; x_wconf 88' lang='lat' dir='ltr'><strong>pono.</strong></span> <span class='ocrx_word' id='word_1_76' title='bbox 473 823 620 884; x_wconf 83' lang='lat' dir='ltr'><strong>Quid,</strong></span> <span class='ocrx_word' id='word_1_77' title='bbox 639 822 841 884; x_wconf 79' lang='lat' dir='ltr'><strong>inquam,</strong></span> <span class='ocrx_word' id='word_1_78' title='bbox 867 820 984 867; x_wconf 88' lang='lat' dir='ltr'><strong>vires</strong></span> <span class='ocrx_word' id='word_1_79' title='bbox 1003 819 1208 882; x_wconf 85' lang='lat' dir='ltr'><strong>corporis</strong></span> <span class='ocrx_word' id='word_1_80' title='bbox 1233 820 1310 866; x_wconf 84' lang='lat' dir='ltr'><strong>alis</strong></span> <span class='ocrx_word' id='word_1_81' title='bbox 1330 833 1373 866; x_wconf 87' lang='lat' dir='ltr'><strong>et</strong></span> <span class='ocrx_word' id='word_1_82' title='bbox 1393 837 1469 866; x_wconf 84' lang='lat' dir='ltr'><strong>ex·-</strong></span> 
     </span>
     <span class='ocr_line' id='line_1_11' title="bbox 184 892 1466 959; baseline -0.002 -17"><span class='ocrx_word' id='word_1_83' title='bbox 184 912 302 944; x_wconf 88' lang='lat' dir='ltr'><strong>erces</strong></span> <span class='ocrx_word' id='word_1_84' title='bbox 322 897 339 943; x_wconf 82' lang='lat'>?</span> <span class='ocrx_word' id='word_1_85' title='bbox 371 897 609 959; x_wconf 86' lang='lat' dir='ltr'><strong>pecudibus</strong></span> <span class='ocrx_word' id='word_1_86' title='bbox 635 893 732 940; x_wconf 76' lang='lat' dir='ltr'><strong>istas</strong></span> <span class='ocrx_word' id='word_1_87' title='bbox 759 893 948 939; x_wconf 77' lang='lat' dir='ltr'><strong>maiores</strong></span> <span class='ocrx_word' id='word_1_88' title='bbox 969 892 1155 956; x_wconf 84' lang='lat' dir='ltr'><strong>ferisque</strong></span> <span class='ocrx_word' id='word_1_89' title='bbox 1175 907 1327 941; x_wconf 81' lang='lat' dir='ltr'><strong>natura</strong></span> <span class='ocrx_word' id='word_1_90' title='bbox 1350 910 1466 941; x_wconf 86' lang='lat' dir='ltr'><strong>con·-</strong></span> 
     </span>
     <span class='ocr_line' id='line_1_12' title="bbox 183 965 1467 1029; baseline -0.002 -15"><span class='ocrx_word' id='word_1_91' title='bbox 183 968 311 1014; x_wconf 81' lang='lat' dir='ltr'><strong>cessir.</strong></span> <span class='ocrx_word' id='word_1_92' title='bbox 359 969 483 1029; x_wconf 84' lang='lat' dir='ltr'><strong>Quid</strong></span> <span class='ocrx_word' id='word_1_93' title='bbox 512 967 676 1013; x_wconf 86' lang='lat' dir='ltr'><strong>excolis</strong></span> <span class='ocrx_word' id='word_1_94' title='bbox 703 965 896 1010; x_wconf 81' lang='lat' dir='ltr'><strong>formam</strong></span> <span class='ocrx_word' id='word_1_95' title='bbox 921 965 939 1010; x_wconf 86' lang='lat'>?</span> <span class='ocrx_word' id='word_1_96' title='bbox 965 981 1064 1011; x_wconf 88' lang='lat' dir='ltr'><strong>cum</strong></span> <span class='ocrx_word' id='word_1_97' title='bbox 1097 966 1247 1011; x_wconf 84' lang='lat' dir='ltr'><strong>omnia</strong></span> <span class='ocrx_word' id='word_1_98' title='bbox 1274 965 1429 1013; x_wconf 84' lang='lat' dir='ltr'><strong>feceris</strong></span> <span class='ocrx_word' id='word_1_99' title='bbox 1450 1000 1467 1022; x_wconf 72' lang='lat'><em>‚</em></span> 
     </span>
     <span class='ocr_line' id='line_1_13' title="bbox 183 1039 1517 1102; baseline 0 -16"><span class='ocrx_word' id='word_1_100' title='bbox 183 1058 207 1086; x_wconf 85' lang='lat' dir='ltr'>a</span> <span class='ocrx_word' id='word_1_101' title='bbox 227 1042 372 1088; x_wconf 84' lang='lat' dir='ltr'><strong>multis</strong></span> <span class='ocrx_word' id='word_1_102' title='bbox 396 1040 655 1087; x_wconf 81' lang='lat' dir='ltr'><strong>animalibus</strong></span> <span class='ocrx_word' id='word_1_103' title='bbox 679 1040 842 1086; x_wconf 78' lang='lat' dir='ltr'><strong>decore</strong></span> <span class='ocrx_word' id='word_1_104' title='bbox 870 1039 1075 1085; x_wconf 85' lang='lat' dir='ltr'><strong>vinceris.</strong></span> <span class='ocrx_word' id='word_1_105' title='bbox 1106 1040 1229 1099; x_wconf 79' lang='lat' dir='ltr'><strong>Quid</strong></span> <span class='ocrx_word' id='word_1_106' title='bbox 1259 1041 1464 1102; x_wconf 81' lang='lat' dir='ltr'><strong>capillum</strong></span> <span class='ocrx_word' id='word_1_107' title='bbox 1513 1100 1517 1102; x_wconf 12' lang='grc' dir='ltr'><strong>Α</strong></span> 
     </span>
     <span class='ocr_line' id='line_1_14' title="bbox 181 1111 1466 1176; baseline 0 -17"><span class='ocrx_word' id='word_1_108' title='bbox 181 1114 344 1175; x_wconf 79' lang='lat' dir='ltr'><strong>ingenti</strong></span> <span class='ocrx_word' id='word_1_109' title='bbox 364 1113 581 1176; x_wconf 83' lang='lat' dir='ltr'><strong>diligentia</strong></span> <span class='ocrx_word' id='word_1_110' title='bbox 597 1113 762 1158; x_wconf 86' lang='lat' dir='ltr'><strong>comis?</strong></span> <span class='ocrx_word' id='word_1_111' title='bbox 785 1129 883 1157; x_wconf 68' lang='lat' dir='ltr'><strong>cnm</strong></span> <span class='ocrx_word' id='word_1_112' title='bbox 902 1112 1023 1157; x_wconf 67' lang='lat' dir='ltr'><strong>illum</strong></span> <span class='ocrx_word' id='word_1_113' title='bbox 1053 1113 1124 1158; x_wconf 90' lang='lat' dir='ltr'><strong>vel</strong></span> <span class='ocrx_word' id='word_1_114' title='bbox 1145 1111 1346 1159; x_wconf 74' lang='lat' dir='ltr'><strong>effuderis</strong></span> <span class='ocrx_word' id='word_1_115' title='bbox 1365 1129 1466 1159; x_wconf 81' lang='lat' dir='ltr'><strong>mo-</strong></span> 
     </span>
     <span class='ocr_line' id='line_1_15' title="bbox 182 1184 1466 1243; baseline -0.002 -11"><span class='ocrx_word' id='word_1_116' title='bbox 182 1203 228 1232; x_wconf 83' lang='lat' dir='ltr'><strong>re</strong></span> <span class='ocrx_word' id='word_1_117' title='bbox 258 1185 514 1231; x_wconf 74' lang='lat' dir='ltr'><strong>Parthorum</strong></span> <span class='ocrx_word' id='word_1_118' title='bbox 533 1221 546 1242; x_wconf 89' lang='lat'>‚</span> <span class='ocrx_word' id='word_1_119' title='bbox 570 1185 640 1232; x_wconf 86' lang='lat' dir='ltr'><strong>vel</strong></span> <span class='ocrx_word' id='word_1_120' title='bbox 666 1200 712 1231; x_wconf 86' lang='lat' dir='ltr'><strong>ut</strong></span> <span class='ocrx_word' id='word_1_121' title='bbox 741 1185 1069 1231; x_wconf 82' lang='lat' dir='ltr'><strong>Germanorum</strong></span> <span class='ocrx_word' id='word_1_122' title='bbox 1103 1184 1226 1230; x_wconf 88' lang='lat' dir='ltr'><strong>nodo</strong></span> <span class='ocrx_word' id='word_1_123' title='bbox 1245 1184 1466 1243; x_wconf 79' lang='lat' dir='ltr'><strong>vinxeris,</strong></span> 
     </span>
     <span class='ocr_line' id='line_1_16' title="bbox 181 1255 1468 1321; baseline -0.002 -18"><span class='ocrx_word' id='word_1_124' title='bbox 181 1257 252 1304; x_wconf 89' lang='lat' dir='ltr'><strong>vel</strong></span> <span class='ocrx_word' id='word_1_125' title='bbox 282 1270 329 1304; x_wconf 93' lang='lat' dir='ltr'><strong>ut</strong></span> <span class='ocrx_word' id='word_1_126' title='bbox 356 1257 544 1321; x_wconf 68' lang='lat' dir='ltr'><strong>Scythae</strong></span> <span class='ocrx_word' id='word_1_127' title='bbox 576 1256 748 1309; x_wconf 87' lang='lat' dir='ltr'><strong>solent,</strong></span> <span class='ocrx_word' id='word_1_128' title='bbox 784 1255 988 1317; x_wconf 74' lang='lat' dir='ltr'><strong>sparseris</strong></span> <span class='ocrx_word' id='word_1_129' title='bbox 1011 1273 1021 1301; x_wconf 91' lang='lat'><strong>:</strong></span> <span class='ocrx_word' id='word_1_130' title='bbox 1047 1257 1093 1301; x_wconf 88' lang='lat' dir='ltr'><strong>in</strong></span> <span class='ocrx_word' id='word_1_131' title='bbox 1121 1255 1318 1318; x_wconf 84' lang='lat' dir='ltr'><strong>quolibet</strong></span> <span class='ocrx_word' id='word_1_132' title='bbox 1347 1273 1468 1319; x_wconf 83' lang='lat' dir='ltr'><strong>equo</strong></span> 
     </span>
     <span class='ocr_line' id='line_1_17' title="bbox 183 1328 1466 1383; baseline 0.001 -8"><span class='ocrx_word' id='word_1_133' title='bbox 183 1329 357 1376; x_wconf 75' lang='lat' dir='ltr'><strong>densior</strong></span> <span class='ocrx_word' id='word_1_134' title='bbox 384 1329 611 1376; x_wconf 66' lang='lat' dir='ltr'><strong>iactabitur</strong></span> <span class='ocrx_word' id='word_1_135' title='bbox 643 1329 744 1375; x_wconf 81' lang='lat' dir='ltr'><strong>iuba</strong></span> <span class='ocrx_word' id='word_1_136' title='bbox 763 1360 776 1383; x_wconf 83' lang='lat'>‚</span> <span class='ocrx_word' id='word_1_137' title='bbox 805 1329 1008 1374; x_wconf 73' lang='lat' dir='ltr'><strong>horrebit</strong></span> <span class='ocrx_word' id='word_1_138' title='bbox 1038 1329 1083 1373; x_wconf 77' lang='lat' dir='ltr'><strong>in</strong></span> <span class='ocrx_word' id='word_1_139' title='bbox 1109 1328 1287 1374; x_wconf 83' lang='lat' dir='ltr'><strong>leonum</strong></span> <span class='ocrx_word' id='word_1_140' title='bbox 1318 1330 1466 1376; x_wconf 81' lang='lat' dir='ltr'><strong>cervi-</strong></span> 
     </span>
     <span class='ocr_line' id='line_1_18' title="bbox 183 1401 1467 1463; baseline 0 -14"><span class='ocrx_word' id='word_1_141' title='bbox 183 1419 232 1449; x_wconf 92' lang='lat' dir='ltr'><strong>ce</strong></span> <span class='ocrx_word' id='word_1_142' title='bbox 257 1402 512 1449; x_wconf 83' lang='lat' dir='ltr'><strong>formofior.</strong></span> <span class='ocrx_word' id='word_1_143' title='bbox 540 1403 656 1449; x_wconf 90' lang='lat' dir='ltr'><strong>Cum</strong></span> <span class='ocrx_word' id='word_1_144' title='bbox 680 1417 722 1448; x_wconf 88' lang='lat' dir='ltr'><strong>te</strong></span> <span class='ocrx_word' id='word_1_145' title='bbox 740 1403 793 1447; x_wconf 76' lang='lat' dir='ltr'><strong>ad</strong></span> <span class='ocrx_word' id='word_1_146' title='bbox 821 1401 1098 1446; x_wconf 74' lang='lat' dir='ltr'><strong>velocitatem</strong></span> <span class='ocrx_word' id='word_1_147' title='bbox 1119 1404 1363 1463; x_wconf 75' lang='lat' dir='ltr'><strong>paraveris,</strong></span> <span class='ocrx_word' id='word_1_148' title='bbox 1389 1419 1467 1463; x_wconf 84' lang='lat' dir='ltr'><strong>par</strong></span> 
     </span>
     <span class='ocr_line' id='line_1_19' title="bbox 181 1473 1466 1538; baseline 0.002 -16"><span class='ocrx_word' id='word_1_149' title='bbox 181 1476 406 1538; x_wconf 86' lang='lat' dir='ltr'><strong>lepusculo</strong></span> <span class='ocrx_word' id='word_1_150' title='bbox 439 1493 529 1523; x_wconf 91' lang='lat' dir='ltr'><strong>non</strong></span> <span class='ocrx_word' id='word_1_151' title='bbox 557 1477 656 1523; x_wconf 81' lang='lat' dir='ltr'><strong>eris.</strong></span> <span class='ocrx_word' id='word_1_152' title='bbox 691 1477 772 1523; x_wconf 87' lang='lat' dir='ltr'><strong>Vis</strong></span> <span class='ocrx_word' id='word_1_153' title='bbox 798 1492 869 1532; x_wconf 86' lang='lat' dir='ltr'><strong>tu,</strong></span> <span class='ocrx_word' id='word_1_154' title='bbox 893 1473 1052 1522; x_wconf 62' lang='lat' dir='ltr'><strong>reliffiis</strong></span> <span class='ocrx_word' id='word_1_155' title='bbox 1073 1476 1117 1520; x_wconf 90' lang='lat' dir='ltr'><strong>in</strong></span> <span class='ocrx_word' id='word_1_156' title='bbox 1151 1476 1310 1537; x_wconf 86' lang='lat' dir='ltr'><strong>quibus</strong></span> <span class='ocrx_word' id='word_1_157' title='bbox 1344 1476 1466 1525; x_wconf 82' lang='lat' dir='ltr'><strong>vinci</strong></span> 
     </span>
     <span class='ocr_line' id='line_1_20' title="bbox 182 1549 1468 1605; baseline 0.002 -10"><span class='ocrx_word' id='word_1_158' title='bbox 182 1561 224 1595; x_wconf 86' lang='lat' dir='ltr'><strong>te</strong></span> <span class='ocrx_word' id='word_1_159' title='bbox 251 1549 416 1595; x_wconf 78' lang='lat' dir='ltr'><strong>necesse</strong></span> <span class='ocrx_word' id='word_1_160' title='bbox 443 1549 530 1605; x_wconf 82' lang='lat' dir='ltr'><strong>est,</strong></span> <span class='ocrx_word' id='word_1_161' title='bbox 551 1550 655 1595; x_wconf 87' lang='lat' dir='ltr'><strong>dum</strong></span> <span class='ocrx_word' id='word_1_162' title='bbox 684 1549 728 1595; x_wconf 86' lang='lat' dir='ltr'><strong>in</strong></span> <span class='ocrx_word' id='word_1_163' title='bbox 756 1549 894 1595; x_wconf 69' lang='lat' dir='ltr'><strong>aliena</strong></span> <span class='ocrx_word' id='word_1_164' title='bbox 919 1549 1095 1604; x_wconf 72' lang='lat' dir='ltr'><strong>niteris,</strong></span> <span class='ocrx_word' id='word_1_165' title='bbox 1129 1549 1182 1594; x_wconf 79' lang='lat' dir='ltr'><strong>ad</strong></span> <span class='ocrx_word' id='word_1_166' title='bbox 1212 1550 1381 1595; x_wconf 80' lang='lat' dir='ltr'><strong>bonum</strong></span> <span class='ocrx_word' id='word_1_167' title='bbox 1401 1567 1468 1598; x_wconf 84' lang='lat' dir='ltr'><strong>re-</strong></span> 
     </span>
     <span class='ocr_line' id='line_1_21' title="bbox 182 1622 1468 1683; baseline 0.003 -15"><span class='ocrx_word' id='word_1_168' title='bbox 182 1623 293 1668; x_wconf 86' lang='lat' dir='ltr'><strong>verti</strong></span> <span class='ocrx_word' id='word_1_169' title='bbox 319 1634 438 1668; x_wconf 82' lang='lat' dir='ltr'><strong>tuum</strong></span> <span class='ocrx_word' id='word_1_170' title='bbox 461 1624 478 1669; x_wconf 87' lang='lat'>?</span> <span class='ocrx_word' id='word_1_171' title='bbox 512 1624 651 1683; x_wconf 83' lang='lat' dir='ltr'><strong>Quod</strong></span> <span class='ocrx_word' id='word_1_172' title='bbox 677 1624 764 1672; x_wconf 81' lang='lat' dir='ltr'><strong>hoc</strong></span> <span class='ocrx_word' id='word_1_173' title='bbox 796 1622 890 1669; x_wconf 85' lang='lat' dir='ltr'><strong>est?</strong></span> <span class='ocrx_word' id='word_1_174' title='bbox 930 1624 1097 1668; x_wconf 79' lang='lat' dir='ltr'><strong>animus</strong></span> <span class='ocrx_word' id='word_1_175' title='bbox 1128 1622 1291 1671; x_wconf 86' lang='lat' dir='ltr'><strong>scilicet</strong></span> <span class='ocrx_word' id='word_1_176' title='bbox 1315 1628 1468 1672; x_wconf 53' lang='lat' dir='ltr'><strong>&amp;men-</strong></span> 
     </span>
     <span class='ocr_line' id='line_1_22' title="bbox 182 1695 1466 1759; baseline 0.005 -19"><span class='ocrx_word' id='word_1_177' title='bbox 182 1695 307 1741; x_wconf 80' lang='lat' dir='ltr'><strong>datus</strong></span> <span class='ocrx_word' id='word_1_178' title='bbox 340 1712 389 1741; x_wconf 85' lang='lat' dir='ltr'><strong>ac</strong></span> <span class='ocrx_word' id='word_1_179' title='bbox 424 1713 586 1758; x_wconf 86' lang='lat' dir='ltr'><strong>purus,</strong></span> <span class='ocrx_word' id='word_1_180' title='bbox 621 1697 863 1744; x_wconf 70' lang='lat' dir='ltr'><strong>aemulator</strong></span> <span class='ocrx_word' id='word_1_181' title='bbox 895 1696 1011 1750; x_wconf 86' lang='lat' dir='ltr'><strong>Dei,</strong></span> <span class='ocrx_word' id='word_1_182' title='bbox 1047 1695 1174 1759; x_wconf 80' lang='lat' dir='ltr'><strong>super</strong></span> <span class='ocrx_word' id='word_1_183' title='bbox 1206 1697 1395 1744; x_wconf 82' lang='lat' dir='ltr'><strong>humana</strong></span> <span class='ocrx_word' id='word_1_184' title='bbox 1424 1699 1466 1746; x_wconf 86' lang='lat' dir='ltr'><strong>se</strong></span> 
     </span>
     <span class='ocr_line' id='line_1_23' title="bbox 181 1766 1468 1830; baseline 0.006 -19"><span class='ocrx_word' id='word_1_185' title='bbox 181 1766 422 1825; x_wconf 85' lang='lat' dir='ltr'><strong>extollens,</strong></span> <span class='ocrx_word' id='word_1_186' title='bbox 457 1767 705 1815; x_wconf 74' lang='lat' dir='ltr'><strong>nihilextra</strong></span> <span class='ocrx_word' id='word_1_187' title='bbox 741 1770 780 1814; x_wconf 87' lang='lat' dir='ltr'><strong>se</strong></span> <span class='ocrx_word' id='word_1_188' title='bbox 804 1769 865 1814; x_wconf 84' lang='lat' dir='ltr'><strong>sui</strong></span> <span class='ocrx_word' id='word_1_189' title='bbox 888 1784 1070 1830; x_wconf 80' lang='lat' dir='ltr'><strong>ponens.</strong></span> <span class='ocrx_word' id='word_1_190' title='bbox 1109 1769 1337 1818; x_wconf 61' lang='lat' dir='ltr'><strong>Rationale</strong></span> <span class='ocrx_word' id='word_1_191' title='bbox 1369 1773 1468 1819; x_wconf 85' lang='lat' dir='ltr'><strong>ani-</strong></span> 
     </span>
     <span class='ocr_line' id='line_1_24' title="bbox 183 1842 1469 1906; baseline 0.007 -20"><span class='ocrx_word' id='word_1_192' title='bbox 183 1842 270 1886; x_wconf 77' lang='lat' dir='ltr'><strong>mal</strong></span> <span class='ocrx_word' id='word_1_193' title='bbox 300 1857 357 1887; x_wconf 85' lang='lat' dir='ltr'><strong>es.</strong></span> <span class='ocrx_word' id='word_1_194' title='bbox 382 1843 506 1904; x_wconf 82' lang='lat' dir='ltr'><strong>quod</strong></span> <span class='ocrx_word' id='word_1_195' title='bbox 529 1858 635 1906; x_wconf 79' lang='lat' dir='ltr'><strong>ergo</strong></span> <span class='ocrx_word' id='word_1_196' title='bbox 663 1842 706 1888; x_wconf 90' lang='lat' dir='ltr'><strong>in</strong></span> <span class='ocrx_word' id='word_1_197' title='bbox 736 1855 777 1887; x_wconf 86' lang='lat' dir='ltr'><strong>te</strong></span> <span class='ocrx_word' id='word_1_198' title='bbox 804 1843 970 1888; x_wconf 83' lang='lat' dir='ltr'><strong>bonum</strong></span> <span class='ocrx_word' id='word_1_199' title='bbox 1000 1842 1092 1888; x_wconf 84' lang='lat' dir='ltr'><strong>est?</strong></span> <span class='ocrx_word' id='word_1_200' title='bbox 1123 1844 1314 1906; x_wconf 65' lang='lat' dir='ltr'><strong>perfezsta</strong></span> <span class='ocrx_word' id='word_1_201' title='bbox 1343 1848 1469 1896; x_wconf 79' lang='lat' dir='ltr'><strong>ratio.</strong></span> 
     </span>
     <span class='ocr_line' id='line_1_25' title="bbox 184 1913 1469 1982; baseline 0.006 -24"><span class='ocrx_word' id='word_1_202' title='bbox 184 1914 307 1960; x_wconf 72' lang='lat' dir='ltr'><strong>Hanc</strong></span> <span class='ocrx_word' id='word_1_203' title='bbox 332 1927 378 1960; x_wconf 85' lang='lat' dir='ltr'><strong>tu</strong></span> <span class='ocrx_word' id='word_1_204' title='bbox 404 1914 455 1960; x_wconf 79' lang='lat' dir='ltr'><strong>ad</strong></span> <span class='ocrx_word' id='word_1_205' title='bbox 476 1914 694 1960; x_wconf 83' lang='lat' dir='ltr'><strong>summum</strong></span> <span class='ocrx_word' id='word_1_206' title='bbox 721 1913 853 1961; x_wconf 81' lang='lat' dir='ltr'><strong>finem</strong></span> <span class='ocrx_word' id='word_1_207' title='bbox 884 1932 1022 1961; x_wconf 81' lang='lat' dir='ltr'><strong>evoca</strong></span> <span class='ocrx_word' id='word_1_208' title='bbox 1039 1948 1053 1969; x_wconf 86' lang='lat'>‚</span> <span class='ocrx_word' id='word_1_209' title='bbox 1076 1916 1121 1960; x_wconf 87' lang='lat' dir='ltr'><strong>in</strong></span> <span class='ocrx_word' id='word_1_210' title='bbox 1146 1933 1358 1978; x_wconf 77' lang='lat' dir='ltr'><strong>quantum</strong></span> <span class='ocrx_word' id='word_1_211' title='bbox 1381 1937 1469 1982; x_wconf 79' lang='lat' dir='ltr'><strong>po-</strong></span> 
     </span>
     <span class='ocr_line' id='line_1_26' title="bbox 184 1986 1468 2049; baseline 0.006 -17"><span class='ocrx_word' id='word_1_212' title='bbox 184 1986 262 2033; x_wconf 87' lang='lat' dir='ltr'><strong>test</strong></span> <span class='ocrx_word' id='word_1_213' title='bbox 290 1988 529 2049; x_wconf 81' lang='lat' dir='ltr'><strong>plurimum</strong></span> <span class='ocrx_word' id='word_1_214' title='bbox 558 1986 763 2035; x_wconf 83' lang='lat' dir='ltr'><strong>crescere.</strong></span> <span class='ocrx_word' id='word_1_215' title='bbox 798 1989 930 2036; x_wconf 85' lang='lat' dir='ltr'><strong>Tunc</strong></span> <span class='ocrx_word' id='word_1_216' title='bbox 957 1989 1132 2036; x_wconf 78' lang='lat' dir='ltr'><strong>beatum</strong></span> <span class='ocrx_word' id='word_1_217' title='bbox 1165 1991 1250 2037; x_wconf 75' lang='lat' dir='ltr'><strong>effe</strong></span> <span class='ocrx_word' id='word_1_218' title='bbox 1279 2006 1320 2038; x_wconf 88' lang='lat' dir='ltr'><strong>te</strong></span> <span class='ocrx_word' id='word_1_219' title='bbox 1352 1995 1468 2041; x_wconf 81' lang='lat' dir='ltr'><strong>iudi-</strong></span> 
     </span>
     <span class='ocr_line' id='line_1_27' title="bbox 184 2059 1468 2123; baseline 0.005 -18"><span class='ocrx_word' id='word_1_220' title='bbox 184 2076 258 2116; x_wconf 86' lang='lat' dir='ltr'><strong>ca,</strong></span> <span class='ocrx_word' id='word_1_221' title='bbox 287 2076 386 2106; x_wconf 86' lang='lat' dir='ltr'><strong>cum</strong></span> <span class='ocrx_word' id='word_1_222' title='bbox 413 2059 491 2106; x_wconf 82' lang='lat' dir='ltr'><strong>tibi</strong></span> <span class='ocrx_word' id='word_1_223' title='bbox 518 2077 573 2106; x_wconf 77' lang='lat' dir='ltr'><strong>ex</strong></span> <span class='ocrx_word' id='word_1_224' title='bbox 595 2073 636 2106; x_wconf 86' lang='lat' dir='ltr'><strong>te</strong></span> <span class='ocrx_word' id='word_1_225' title='bbox 662 2061 867 2123; x_wconf 82' lang='lat' dir='ltr'><strong>gaudium</strong></span> <span class='ocrx_word' id='word_1_226' title='bbox 893 2078 1027 2108; x_wconf 87' lang='lat' dir='ltr'><strong>omne</strong></span> <span class='ocrx_word' id='word_1_227' title='bbox 1049 2063 1260 2110; x_wconf 75' lang='lat' dir='ltr'><strong>nascetur.</strong></span> <span class='ocrx_word' id='word_1_228' title='bbox 1296 2083 1393 2111; x_wconf 77' lang='lat' dir='ltr'><strong>curn</strong></span> <span class='ocrx_word' id='word_1_229' title='bbox 1422 2067 1468 2112; x_wconf 83' lang='lat' dir='ltr'><strong>in</strong></span> 
     </span>
     <span class='ocr_line' id='line_1_28' title="bbox 184 2132 1468 2197; baseline 0.005 -19"><span class='ocrx_word' id='word_1_230' title='bbox 184 2132 250 2178; x_wconf 80' lang='lat' dir='ltr'><strong>his</strong></span> <span class='ocrx_word' id='word_1_231' title='bbox 281 2148 390 2194; x_wconf 79' lang='lat' dir='ltr'><strong>quae</strong></span> <span class='ocrx_word' id='word_1_232' title='bbox 411 2132 614 2179; x_wconf 87' lang='lat' dir='ltr'><strong>homines</strong></span> <span class='ocrx_word' id='word_1_233' title='bbox 641 2134 857 2194; x_wconf 83' lang='lat' dir='ltr'><strong>eripiunt,</strong></span> <span class='ocrx_word' id='word_1_234' title='bbox 888 2148 1072 2197; x_wconf 77' lang='lat' dir='ltr'><strong>optant,</strong></span> <span class='ocrx_word' id='word_1_235' title='bbox 1098 2136 1350 2182; x_wconf 53' lang='lat' dir='ltr'><strong>custodiunt</strong></span> <span class='ocrx_word' id='word_1_236' title='bbox 1402 2140 1468 2185; x_wconf 56' lang='lat' dir='ltr'><strong>ni*</strong></span> 
     </span>
     <span class='ocr_line' id='line_1_29' title="bbox 183 2204 1467 2272; baseline 0.007 -23"><span class='ocrx_word' id='word_1_237' title='bbox 183 2204 244 2250; x_wconf 85' lang='lat' dir='ltr'><strong>hil</strong></span> <span class='ocrx_word' id='word_1_238' title='bbox 275 2205 517 2261; x_wconf 75' lang='lat' dir='ltr'><strong>inveneris,</strong></span> <span class='ocrx_word' id='word_1_239' title='bbox 551 2223 642 2252; x_wconf 88' lang='lat' dir='ltr'><strong>non</strong></span> <span class='ocrx_word' id='word_1_240' title='bbox 672 2207 774 2252; x_wconf 84' lang='lat' dir='ltr'><strong>dico</strong></span> <span class='ocrx_word' id='word_1_241' title='bbox 805 2208 929 2269; x_wconf 87' lang='lat' dir='ltr'><strong>quod</strong></span> <span class='ocrx_word' id='word_1_242' title='bbox 963 2208 1108 2262; x_wconf 68' lang='lat' dir='ltr'><strong>malis,</strong></span> <span class='ocrx_word' id='word_1_243' title='bbox 1140 2208 1211 2254; x_wconf 62' lang='lat' dir='ltr'><strong>sed</strong></span> <span class='ocrx_word' id='word_1_244' title='bbox 1241 2212 1362 2272; x_wconf 61' lang='lat' dir='ltr'><strong>quad</strong></span> <span class='ocrx_word' id='word_1_245' title='bbox 1388 2230 1467 2258; x_wconf 53' lang='lat' dir='ltr'><strong>veo</strong></span> 
     </span>
     <span class='ocr_line' id='line_1_30' title="bbox 184 2278 1472 2346; baseline 0.009 -24"><span class='ocrx_word' id='word_1_246' title='bbox 184 2278 246 2323; x_wconf 86' lang='lat' dir='ltr'><strong>lis.</strong></span> <span class='ocrx_word' id='word_1_247' title='bbox 275 2279 462 2323; x_wconf 64' lang='lat' dir='ltr'><strong>Brevem</strong></span> <span class='ocrx_word' id='word_1_248' title='bbox 498 2278 578 2325; x_wconf 86' lang='lat' dir='ltr'><strong>tibi</strong></span> <span class='ocrx_word' id='word_1_249' title='bbox 607 2279 847 2326; x_wconf 80' lang='lat' dir='ltr'><strong>formulam</strong></span> <span class='ocrx_word' id='word_1_250' title='bbox 875 2282 1017 2339; x_wconf 71' lang='lat' dir='ltr'><strong>dabo,</strong></span> <span class='ocrx_word' id='word_1_251' title='bbox 1061 2300 1145 2344; x_wconf 66' lang='lat' dir='ltr'><strong>qm</strong></span> <span class='ocrx_word' id='word_1_252' title='bbox 1174 2298 1214 2329; x_wconf 71' lang='lat' dir='ltr'><strong>re</strong></span> <span class='ocrx_word' id='word_1_253' title='bbox 1248 2288 1437 2334; x_wconf 62' lang='grc' dir='ltr'><strong>ῃιειέεῑὶε</strong></span> <span class='ocrx_word' id='word_1_254' title='bbox 1455 2325 1472 2346; x_wconf 85' lang='grc'>,</span> 
     </span>
     <span class='ocr_line' id='line_1_31' title="bbox 185 2350 1469 2412; baseline 0.012 -18"><span class='ocrx_word' id='word_1_255' title='bbox 185 2366 270 2411; x_wconf 82' lang='lat' dir='ltr'><strong>qua</strong></span> <span class='ocrx_word' id='word_1_256' title='bbox 297 2350 531 2412; x_wconf 65' lang='lat' dir='ltr'><strong>perfeffiim</strong></span> <span class='ocrx_word' id='word_1_257' title='bbox 560 2352 647 2398; x_wconf 80' lang='lat' dir='ltr'><strong>effe</strong></span> <span class='ocrx_word' id='word_1_258' title='bbox 674 2353 760 2398; x_wconf 81' lang='lat' dir='ltr'><strong>iam</strong></span> <span class='ocrx_word' id='word_1_259' title='bbox 782 2353 936 2400; x_wconf 64' lang='lat' dir='ltr'><strong>sentias</strong></span> <span class='ocrx_word' id='word_1_260' title='bbox 965 2372 976 2400; x_wconf 89' lang='lat'>:</span> <span class='ocrx_word' id='word_1_261' title='bbox 1006 2357 1179 2401; x_wconf 77' lang='lat' dir='ltr'><strong>Bonum</strong></span> <span class='ocrx_word' id='word_1_262' title='bbox 1209 2371 1309 2404; x_wconf 66' lang='lat' dir='ltr'><strong>nvnc</strong></span> <span class='ocrx_word' id='word_1_263' title='bbox 1338 2369 1469 2409; x_wconf 66' lang='lat' dir='ltr'><strong>nane—</strong></span> 
     </span>
     <span class='ocr_line' id='line_1_32' title="bbox 189 2423 1469 2489; baseline 0.011 -20"><span class='ocrx_word' id='word_1_264' title='bbox 189 2423 253 2470; x_wconf 84' lang='lat' dir='ltr'><strong>bis</strong></span> <span class='ocrx_word' id='word_1_265' title='bbox 279 2439 431 2483; x_wconf 82' lang='lat' dir='ltr'><strong>tuum,</strong></span> <span class='ocrx_word' id='word_1_266' title='bbox 464 2440 566 2489; x_wconf 81' lang='lat' dir='ltr'><strong>cum</strong></span> <span class='ocrx_word' id='word_1_267' title='bbox 600 2424 812 2488; x_wconf 83' lang='lat' dir='ltr'><strong>intelliges</strong></span> <span class='ocrx_word' id='word_1_268' title='bbox 845 2426 1159 2474; x_wconf 71' lang='lat' dir='ltr'><strong>infeliciffimcs</strong></span> <span class='ocrx_word' id='word_1_269' title='bbox 1186 2430 1271 2476; x_wconf 41' lang='lat' dir='ltr'><strong>(affe</strong></span> <span class='ocrx_word' id='word_1_270' title='bbox 1305 2432 1469 2484; x_wconf 77' lang='lat' dir='ltr'><strong>felices,</strong></span> 
     </span>
    </p>
   </div>
   <div class='ocr_carea' id='block_1_3' title="bbox 1132 2502 1242 2550">
    <p class='ocr_par' dir='ltr' id='par_1_3' title="bbox 1132 2502 1242 2550">
     <span class='ocr_line' id='line_1_33' title="bbox 1132 2502 1242 2550; baseline 0.018 -2"><span class='ocrx_word' id='word_1_271' title='bbox 1132 2502 1242 2550; x_wconf 64' lang='lat' dir='ltr'><strong>Kz.</strong></span> 
     </span>
    </p>
   </div>
  </div>
 </body>
</html>
