1730 2870
252 109 349 171 364
484 110 534 156 L.
576 90 885 155 ANNAEI
924 107 1284 156 samem.

249 231 336 278 que
345 215 491 263 varius
505 232 515 261 :
530 215 753 279 nubesque
768 215 828 262 illi
846 215 1193 263 familiariffimae
1205 252 1219 276 ‚
1242 216 1286 262 in
1301 232 1404 280 quas
1416 216 1538 275 coit,‘

249 298 295 333 et
329 303 381 334 ex
406 287 563 349 quibus
596 287 810 344 solvitur,
840 289 980 335 modo
1014 300 1363 351 congregantur,
1395 291 1535 336 modo

248 358 504 423 digeruntur
516 394 534 417 ,
553 375 776 423 nunquam
793 359 1004 408 immotae
1023 360 1180 408 iacent,
1201 360 1311 408 Fieri
1342 378 1433 408 non
1450 377 1537 424 po-

249 432 357 488 test,
381 442 428 478 ut
464 431 575 495 ignis
609 444 751 480 certus
771 432 816 480 in
845 449 1039 496 corpore
1069 449 1189 496 vago
1223 434 1385 491 sedeat,
1411 449 1454 481 et
1479 433 1538 480 ita

248 503 526 566 pertinaciter
545 505 739 564 haereat,
763 522 897 569 quam
922 521 1054 568 quem
1075 517 1249 564 natura,
1271 523 1324 552 ne
1342 522 1537 570 unquam

246 587 524 625 excuteretur
540 612 554 635 ,
582 577 763 639 aptavit.
797 577 974 624 Deinde
995 577 1024 623 fi
1049 576 1260 623 alimento
1284 579 1363 622 suo
1384 578 1538 624 haere-

247 661 340 708 ret,
359 649 531 713 semper
547 651 837 698 descenderet,
850 654 917 698 Eo
934 651 1049 697 enim
1068 650 1248 698 craffior
1262 651 1334 697 ae'r
1345 650 1404 697 est
1419 687 1431 709 ,
1445 667 1538 714 quo

248 722 377 770 terris
397 724 610 787 propior:
630 741 853 786 nunquam
870 724 1080 770 Cometes
1098 723 1143 770 in
1158 723 1297 769 imum
1318 723 1450 786 usque
1465 724 1538 770 de-

247 794 461 854 mittitur,
486 813 625 859 neque
654 797 981 861 appropinquat
1012 795 1122 844 solo.
1142 796 1392 843 Etiamnum
1424 796 1539 860 ignis

248 880 322 915 aut
340 868 374 915 it
392 885 484 932 quo
504 868 624 915 illum
645 882 795 916 natura
817 868 890 917 sua
907 870 1026 916 ducit
1040 906 1053 927 ‚
1074 870 1119 916 id
1140 869 1200 916 est
1214 905 1227 927 ,
1250 869 1412 916 sursum
1433 887 1444 915 :
1468 879 1540 915 aut

247 958 305 989 eo
323 958 415 1005 quo
434 943 566 991 trahit
586 944 764 992 materia
777 980 795 1004 2
812 943 883 993 cui
909 943 1098 991 adhaesit
1112 980 1126 1003 ,
1153 960 1196 992 et
1220 960 1352 1007 quam
1386 942 1540 1007 depas-

247 1016 374 1064 citur.

314 1088 479 1134 XXIII.
513 1087 653 1135 Nullis
670 1088 843 1153 ignibus
865 1088 1100 1136 ordinariis
1118 1103 1162 1136 et
1181 1087 1441 1136 coelestibus
1458 1087 1545 1134 iter

248 1158 417 1206 flexum
437 1160 510 1207 est.
530 1161 690 1208 Sideris
718 1163 952 1225 proprium
973 1162 1035 1210 est
1049 1198 1062 1220 ‚
1085 1163 1244 1210 ducere
1265 1163 1433 1209 orbem.
1462 1163 1542 1207 At-

250 1233 327 1295 qui
346 1233 432 1279 hoc
445 1249 499 1278 an
520 1234 733 1281 Cometae
751 1235 821 1280 alii
841 1234 1025 1283 fecerint
1044 1267 1058 1289 ‚
1083 1235 1231 1281 nescio
1253 1252 1263 1281 :
1285 1236 1375 1281 duo
1397 1233 1543 1280 nostra

251 1316 389 1352 aetate
408 1305 621 1353 fecerunt.
655 1307 832 1353 Deinde
852 1323 986 1353 omne
1004 1307 1124 1370 quod
1142 1306 1264 1371 causa
1289 1305 1544 1368 temporalis

249 1378 473 1434 accendit,
492 1379 580 1425 cito
600 1378 829 1425 intercidit.
856 1377 925 1425 Sic
944 1378 1061 1425 faces
1081 1379 1262 1435 ardent,
1289 1379 1393 1424 dum
1420 1390 1543 1424 tran-

248 1447 405 1496 seunt:
435 1450 492 1497 fic
526 1451 708 1497 fulmina
739 1451 784 1496 in
810 1468 947 1497 unum
975 1452 1124 1499 valent
1154 1452 1287 1497 ictum
1308 1469 1321 1497 t
1346 1452 1403 1498 fic
1433 1468 1544 1514 quae

247 1524 514 1572 transversae
538 1526 746 1572 dicuntur
775 1523 916 1571 stellae
945 1538 987 1572 et
1020 1527 1250 1584 cadentes,
1283 1536 1547 1587 praetervo-

244 1598 334 1644 lant
351 1610 394 1645 et
415 1599 559 1646 secant
581 1599 693 1645 ae'ra.
736 1598 877 1644 Nullis
891 1598 1060 1661 ignibus
1078 1598 1154 1644 nifi
1172 1598 1215 1644 in
1236 1598 1314 1645 suo
1333 1616 1459 1645 mora
1476 1599 1550 1649 est.

249 1671 337 1718 Illis
355 1670 458 1717 dico
478 1671 665 1728 divinis,
684 1688 801 1735 quos
819 1671 949 1717 habet
984 1671 1172 1718 mundus
1189 1683 1388 1718 aeternos
1405 1708 1418 1730 ,
1444 1672 1549 1735 quia

251 1757 394 1806 partes
413 1743 505 1790 eius
527 1743 643 1799 sunt,
661 1753 703 1791 et
719 1760 867 1808 opera.
889 1744 948 1790 Hi
959 1759 1109 1791 *autem
1133 1743 1298 1808 aliquid
1321 1759 1456 1808 agunt
1471 1781 1482 1801 ‚
1503 1757 1547 1792 et

251 1818 446 1874 vadunt,
482 1829 526 1864 et
554 1831 757 1865 tenorem
792 1817 920 1864 suum
958 1817 1130 1865 servant
1146 1854 1160 1876 ‚
1194 1818 1401 1880 paresque
1439 1817 1549 1864 sunt.

252 1893 370 1938 Nam
405 1890 578 1938 alternis
613 1890 766 1937 diebus
797 1890 984 1937 maiores
1017 1890 1267 1936 minoresve
1308 1888 1488 1944 fierent,
1515 1890 1548 1936 fi

252 1965 364 2029 ignis
391 1965 493 2019 esset
515 1964 798 2021 colleffititis,
830 1979 872 2011 et
888 1980 943 2010 ex
967 1964 1109 2027 aliqua
1129 1964 1255 2010 causa
1281 1964 1548 2026 repentinus.

254 2039 411 2086 Minor
425 2037 541 2085 enim
562 2038 665 2084 effet
682 2054 731 2085 ac
748 2036 891 2083 maior
906 2073 921 2094 ,
938 2048 1071 2100 prout
1089 2037 1257 2100 plenius
1275 2037 1460 2083 aleretur
1476 2048 1548 2083 aut

254 2111 496 2175 malignius.
534 2110 752 2158 Dicebam
789 2110 931 2156 modo
950 2145 964 2167 ‚
1000 2109 1105 2155 nihil
1141 2110 1393 2156 diuturnum
1433 2109 1519 2156 esse
1533 2145 1549 2167 ‚

258 2186 381 2248 quod
400 2184 550 2233 exarsit
565 2183 676 2232 aeris
693 2182 832 2230 vitio:
854 2199 970 2230 nunc
985 2183 1168 2246 amplius
1186 2183 1361 2230 adiicio.
1381 2183 1549 2230 Morari

260 2276 311 2307 ac
335 2259 441 2307 stare
463 2259 582 2306 nullo
604 2258 743 2305 modo
765 2256 921 2320 potest.
948 2258 1061 2302 Nam
1080 2270 1121 2304 et
1149 2257 1221 2304 fax
1255 2269 1297 2304 et
1316 2257 1477 2303 fulmen
1504 2269 1548 2304 et

261 2332 376 2379 stella
399 2332 688 2380 transcurrens
704 2363 718 2387 ‚
749 2342 791 2377 et
810 2329 1004 2394 quisquis
1031 2330 1135 2377 alius
1167 2330 1228 2377 est
1251 2330 1359 2393 ignis
1376 2346 1428 2376 ex
1448 2329 1548 2375 ae're

262 2404 511 2470 expressus,
534 2405 579 2453 in
599 2405 700 2469 fuga
737 2403 830 2452 est:
852 2420 932 2452 nec
949 2416 1151 2467 apparet,
1174 2402 1252 2450 nifi
1281 2403 1386 2450 dum
1416 2401 1547 2450 cadit.
