1730 2870
255 139 348 203 με
444 106 449 110 ’
515 142 562 186 L.
605 140 902 253 ANxNAffl
944 138 1299 186 SENECAE

253 257 389 291 tatum
414 243 505 291 est?
528 249 585 289 At
607 260 743 306 quare
766 259 902 305 aquae
927 244 1195 307 erumpunt?
1225 243 1418 290 Primum
1442 259 1544 293 ome

252 317 377 362 nium
404 315 530 378 saepe
556 316 735 362 tremuit
753 329 892 370 terra,
911 330 955 363 et
977 316 1082 362 nihil
1105 317 1306 362 humoris
1330 318 1442 363 novi
1462 317 1545 365 flu·

200 412 228 416 -
253 390 326 434 xit.
374 388 551 435 Deinde
586 388 615 433 fi
647 405 700 434 ex
728 387 810 434 hac
843 388 968 435 causa
998 390 1112 436 unda
1147 384 1453 453 prorumperet
1472 427 1487 448 ,
1520 408 1545 437 a

253 460 460 508 lateribus
484 471 624 506 terrae
654 460 1110 508 circumfunderetur:
1143 462 1247 508 ficut
1270 462 1315 508 in
1343 461 1543 509 flumini-

253 535 336 581 bus
356 551 406 581 ac
424 533 534 580 mari
555 534 756 581 videmus
775 534 972 582 accidere
988 571 1000 592 ,
1020 547 1067 582 ut
1085 535 1399 582 incrementum
1420 553 1548 600 aqua-

254 602 353 653 rum
398 606 623 670 ,quotiens
651 607 828 671 navigia
862 607 1085 666 desidunt,
1105 607 1150 654 in
1176 607 1379 654 lateribus
1405 609 1548 654 maxi-

255 695 327 723 me
361 692 580 740 appareat.
632 679 700 723 Ad
738 678 942 724 ultimum
982 694 1073 723 non
1105 689 1191 723 tam
1225 676 1381 740 exigua
1423 678 1548 727 fieret

252 767 386 812 quam
425 749 531 795 dicit
566 748 740 811 eruptio
761 785 774 806 ‚
807 765 888 795 nec
923 749 1044 796 velut
1078 766 1156 812 per
1191 749 1347 794 rimam
1381 749 1546 799 sentina

251 823 535 884 subreperet,
563 822 635 868 sed
672 821 795 869 fieret
825 822 977 886 ingens
1005 822 1266 883 inundatio,
1292 835 1340 870 ut
1365 840 1420 870 ex
1447 823 1547 870 infi-

254 896 351 944 nito
377 896 554 959 liquore
574 933 586 954 ‚
619 911 662 942 et
695 895 866 944 ferente
897 896 1114 944 universa.

317 972 412 1016 VII.
446 970 637 1030 Quidam
660 986 832 1017 motum
853 983 1060 1017 terrarum
1083 987 1218 1035 aquae
1237 971 1540 1034 imputaveree

252 1044 325 1090 sed
345 1059 435 1089 non
453 1060 509 1089 ex
527 1044 679 1089 eadem
701 1041 838 1089 causa.
868 1044 950 1089 Pet·
967 1059 1148 1092 omnem
1163 1080 1177 1102 ‚
1204 1043 1410 1106 inquiunt
1423 1079 1437 1101 ,
1457 1059 1547 1090 ter-

251 1132 344 1161 ram
359 1152 373 1172 ‚
395 1114 531 1161 multa
558 1132 773 1177 aquarum
794 1131 953 1177 genera
973 1116 1222 1163 decurrunt.
1254 1115 1426 1162 Alicubi
1445 1131 1546 1178 per-

250 1189 371 1250 petui
388 1204 536 1235 amnes
550 1224 563 1246 ‚
585 1204 775 1250 quorum
797 1188 1052 1250 navigabilis
1069 1189 1197 1236 etiam
1216 1189 1301 1236 fine
1322 1188 1546 1237 adiutorio

251 1261 462 1308 imbrium
491 1260 748 1323 magnitudo
768 1260 840 1307 est.
876 1262 991 1308 Hinc
1013 1261 1140 1308 Nilus
1166 1279 1243 1324 pet·
1260 1260 1461 1308 aestatem
1478 1262 1545 1308 in-

250 1347 399 1398 gentes
420 1353 552 1400 aquas
576 1335 773 1384 invehit:
809 1336 911 1383 binc
945 1335 1020 1400 qui
1047 1336 1215 1383 medius
1243 1336 1358 1382 inter
1392 1349 1547 1399 pacata

250 1424 293 1456 ct
311 1408 481 1456 hostilia
504 1408 628 1466 fluit,
656 1407 891 1458 Danubius
911 1424 961 1455 ac
984 1408 1163 1456 Rhenus
1179 1440 1192 1463 ‚
1223 1410 1326 1455 alter
1343 1409 1546 1455 Sarmati-

249 1501 327 1531 cos
349 1485 541 1548 impetus
560 1483 773 1530 cohibens
792 1518 805 1540 ,
827 1496 870 1529 et
890 1485 1113 1544 Europam
1135 1483 1368 1545 Asiamque
1390 1482 1544 1529 dister-

251 1559 422 1606 minans
438 1596 450 1617 ,
484 1558 590 1604 alter
613 1559 864 1604 Germanos
884 1593 898 1614 ‚
928 1556 1102 1603 avidam
1132 1571 1304 1620 gentem
1323 1556 1454 1612 belli,
1477 1573 1546 1603 re-

248 1631 429 1695 pellens.
445 1630 599 1677 Adiice
617 1647 734 1676 nunc
752 1629 1064 1693 patentiffimos
1079 1630 1219 1689 lacus,
1240 1643 1282 1677 et
1298 1629 1441 1693 stagna
1460 1646 1545 1693 po-

250 1704 364 1767 puiis
383 1704 498 1750 inter
520 1703 562 1749 se
583 1702 745 1766 ignotis
763 1702 1056 1757 circumdata,
1089 1717 1132 1749 et
1152 1701 1447 1750 ineluEtabiles
1468 1720 1544 1749 na*

248 1777 375 1840 vigio
396 1776 597 1839 paludes,
616 1791 696 1822 nec
714 1775 812 1838 ipsis
830 1776 1010 1840 quidem
1030 1775 1145 1822 inter
1163 1776 1205 1822 se
1225 1776 1401 1837 pervias
1414 1807 1427 1831 ‚
1444 1776 1544 1838 qui-

247 1849 328 1896 hus
347 1849 613 1896 incoluntur.
633 1848 812 1894 Deinde
836 1861 905 1894 tot
924 1847 1096 1905 fonteS,
1123 1860 1191 1895 tot
1221 1847 1361 1910 capita
1389 1848 1544 1894 flumi-

248 1940 355 1968 num
376 1960 389 1981 ‚
409 1923 572 1969 subitos
591 1955 604 1977 ‚
626 1935 668 1969 et
698 1938 752 1968 ex
784 1922 964 1968 occulto
999 1939 1149 1968 amnes
1177 1922 1417 1969 vomentia.
1449 1923 1544 1968 Tot

246 1997 406 2044 deinde
426 1998 479 2043 ad
501 2013 675 2059 tempus
693 1997 902 2044 coHeEtos
922 1995 1181 2043 torrentium
1200 1995 1409 2058 impetus:
1431 2013 1544 2058 quo-

247 2082 345 2117 rum
368 2070 488 2118 vires
507 2088 639 2134 quam
662 2071 940 2134 repentinae,
960 2082 1047 2116 tam
1068 2070 1237 2116 breves.
1257 2070 1419 2117 Omnis
1436 2070 1543 2118 haec

248 2161 458 2194 acutarum
478 2180 490 2199 ‚
521 2143 650 2190 etiam
670 2144 781 2191 intra
808 2158 967 2190 terram
991 2179 1004 2199 ‚
1039 2154 1187 2188 natura
1224 2141 1443 2205 faciesque
1467 2140 1541 2191 est.

247 2217 338 2263 Illic
356 2235 535 2281 quoque
553 2218 658 2265 aliae
683 2217 809 2266 vasso
829 2217 953 2264 cursu
972 2216 1252 2273 deferuntur,
1284 2229 1328 2263 et
1346 2216 1390 2261 in
1417 2228 1543 2279 prae-

247 2308 351 2353 ceps
383 2292 563 2338 volutae
584 2293 770 2339 cadunt:
806 2291 913 2338 aliae
926 2290 1224 2354 languidiores
1250 2288 1299 2335 in
1321 2289 1444 2336 vadis
1473 2303 1541 2336 re-

250 2362 497 2412 funduntur
512 2403 524 2424 ‚
546 2379 588 2413 et
605 2366 759 2413 leniter
777 2383 827 2413 ac
842 2366 989 2431 quiete
1010 2364 1163 2412 fluunt.
1191 2365 1288 2428 quis
1307 2378 1449 2413 autem
1470 2380 1540 2411 ne⁶

246 2448 346 2499 get,
375 2438 504 2488 vastis
522 2439 614 2487 illas
640 2438 931 2503 receptaculis
954 2438 1163 2502 concipi,
1184 2450 1227 2486 et
1244 2437 1405 2488 ceffare
1426 2434 1539 2489 mul‘.
