1730 2870
258 160 349 208 292
494 146 544 191 L.
595 142 889 188 ANNAEI
943 142 1297 188 SENECAE

252 252 439 315 eripiat:
469 249 589 313 quod
619 265 710 294 non
740 247 967 306 eveniret,
994 248 1070 294 nisi
1096 249 1140 295 in
1169 267 1357 312 parvum
1388 249 1540 298 locum

251 341 443 387 corpora
462 323 503 369 se
523 323 656 369 multa
676 321 1007 384 compellerent.
1029 325 1163 385 Atqui
1184 323 1346 369 nullum
1365 337 1541 387 tempus

251 398 415 460 magis,
442 413 574 458 quam
597 394 856 440 nebulosum
871 429 883 449 ‚
910 407 1027 440 caret
1045 408 1191 441 vento.
1219 397 1371 443 Adiice
1392 415 1508 443 nunc
1525 433 1539 456 ,

251 471 376 534 quod
405 487 429 515 e
448 468 674 516 contrario
695 468 817 515 venit
833 500 847 522 ‚
881 483 927 514 ut
946 467 1009 513 sol
1030 469 1290 516 matutinum
1313 471 1412 517 a'e'ra
1431 469 1538 533 spis·
1597 477 1602 478 ⁷

251 547 342 593 sum
364 556 406 590 et
429 543 658 589 humidum
678 558 784 589 ortu
811 543 891 588 suo
911 554 1073 588 tenuet.
1107 543 1236 589 Tunc
1256 544 1386 608 surgit
1405 562 1503 591 aura
1520 577 1537 600 ‚

250 636 355 666 cum
375 618 524 663 datum
556 614 616 661 est
646 617 941 662 laxamentum
973 615 1264 678 corporibus,
1294 630 1336 664 et
1362 617 1538 681 stipatio

251 689 456 745 illorum,
488 704 538 734 ac
557 688 682 733 turba
709 688 897 734 resoluta
916 686 991 733 est.

316 766 390 808 IV.
412 762 662 821 Quomodo
677 797 689 818 ,
711 761 878 823 inquis,
896 776 1002 823 ergo
1021 759 1144 806 venti
1160 759 1292 818 fiunt,
1313 778 1426 824 quos
1445 780 1537 810 non

250 853 381 901 negas
414 834 537 881 fieri?
568 836 672 881 Non
703 851 792 880 uno
824 834 977 879 modo.
1007 833 1125 880 Alias
1153 834 1269 880 enim
1301 836 1415 881 terra
1448 836 1538 899 ipsa

248 926 456 973 magnam
481 908 577 955 vim
610 907 720 954 aeris
753 906 892 963 eiicit,
914 918 964 953 et·
987 922 1043 952 ex
1069 906 1222 953 abdito
1250 907 1380 970 spirat
1402 924 1414 954 ε
1439 909 1538 956 alias

251 1000 354 1031 cum
384 999 543 1045 magna
562 994 604 1027 et
624 980 836 1027 continua
856 997 911 1025 ex
940 978 1033 1025 imo
1053 995 1312 1041 evaporatio
1337 981 1381 1025 in
1401 981 1536 1027 altum

249 1057 337 1120 agit
363 1072 474 1119 quae
502 1053 728 1110 emiserat,
758 1052 1009 1099 immutatio
1038 1053 1127 1114 ipsa
1156 1054 1310 1100 halitus
1342 1054 1466 1100 mixti
1492 1054 1537 1102 in

249 1143 434 1178 ventum
470 1127 667 1175 vertitur.
695 1127 806 1173 Illud
835 1125 953 1173 enim
989 1142 1070 1172 nec
1103 1137 1151 1171 ut
1183 1127 1390 1182 credam,
1430 1126 1538 1173 mihi

251 1201 497 1265 persuaderi
528 1199 693 1262 potest,
718 1216 797 1246 nec
819 1215 865 1246 ut
895 1213 1060 1246 taceam
1083 1215 1094 1244 :
1122 1199 1358 1262 quomodo
1388 1198 1433 1245 in
1451 1216 1537 1246 no-

250 1276 345 1322 stris
375 1274 638 1336 corporibus
664 1290 719 1318 ex
746 1272 848 1319 cibo
875 1271 922 1317 fit
953 1271 1155 1331 inflatio,
1190 1290 1300 1336 quae
1328 1289 1417 1318 non
1447 1272 1538 1321 fine

249 1366 405 1413 magna
430 1346 597 1393 narium
631 1345 789 1392 iniuria
823 1344 1064 1403 emittitur,
1100 1361 1142 1391 et
1165 1361 1364 1393 ventrem
1398 1345 1535 1393 inter-

248 1423 353 1469 dum
378 1437 478 1467 cum
505 1419 615 1465 sono
634 1429 868 1475 exonerat,
886 1416 1104 1463 interdum
1126 1416 1328 1464 secretius
1348 1435 1358 1463 ε
1377 1416 1434 1464 fic
1455 1433 1537 1480 pu-

250 1505 409 1554 tant-et
436 1491 547 1537 hanc
576 1485 776 1552 magnam
805 1504 948 1534 rerum
978 1504 1173 1535 naturam
1204 1488 1407 1535 alimenta
1436 1504 1536 1535 mu-

247 1579 412 1612 tantem
448 1561 646 1609 emittere
683 1559 903 1623 spiritumss
938 1560 1055 1605 Bene
1093 1558 1320 1606 nobiscum
1357 1559 1538 1624 agitur,

246 1638 374 1703 quod
389 1636 557 1699 semper
576 1633 848 1697 concoquit:
871 1633 1064 1696 alioquin
1085 1632 1354 1681 immundius
1372 1635 1537 1697 aliquid

247 1713 512 1760 timeremus.
542 1708 773 1772 Numquid
805 1723 912 1772 ergo
944 1707 1032 1754 hoc
1063 1707 1208 1753 verius
1231 1707 1290 1753 est
1310 1743 1324 1763 ,
1356 1707 1534 1768 dicere,

248 1786 382 1833 multa
411 1802 467 1832 ex
497 1785 623 1831 omni
656 1798 778 1846 parte
804 1795 1020 1829 terrarum
1049 1793 1092 1828 et
1117 1781 1277 1828 affidua
1299 1781 1404 1828 ferri
1430 1798 1535 1829 cor-

247 1859 423 1924 puscula
446 1877 456 1905 :
484 1875 621 1921 quae,
655 1873 755 1903 cum
785 1868 1048 1901 coacervata
1075 1853 1197 1911 sunt,
1224 1853 1381 1900 deinde
1411 1869 1535 1902 exte-

244 1931 368 1979 nuari
393 1931 482 1978 sole
505 1930 763 1992 coeperint,
782 1928 886 1992 quia
907 1944 1039 1973 omne
1058 1926 1180 1990 quod
1199 1926 1244 1972 in
1263 1927 1444 1989 angusto
1462 1928 1534 1975 di-

245 2004 419 2061 latatur,
447 2003 631 2065 spatium
652 1999 790 2046 maius
809 1998 1019 2046 desiderat
1036 2035 1049 2058 ‚
1072 2013 1229 2047 ventus
1247 1999 1434 2047 exsistit?

312 2080 366 2124 V.
395 2076 519 2137 Quid
536 2075 672 2139 ergo?
695 2075 806 2120 hanc
833 2073 967 2119 solam
992 2071 1075 2119 esse
1103 2071 1273 2119 causam
1294 2073 1415 2120 venti
1436 2072 1534 2120 exi-

245 2150 413 2209 stimas,
434 2166 643 2214 aquarum
668 2160 976 2210 terrarumque
995 2147 1364 2210 evaporationes?
1384 2151 1447 2194 Ex
1467 2147 1533 2194 his

244 2224 505 2287 gravitatem
543 2223 653 2269 aeris
690 2220 818 2280 fieri,
858 2220 1017 2268 deinde
1051 2220 1162 2268 solvi
1197 2220 1393 2283 impetu,
1429 2236 1531 2267 cum

244 2313 354 2359 quae
387 2295 518 2342 densa
545 2295 772 2347 steterant,
809 2306 855 2340 ut
882 2292 942 2338 est
971 2293 1140 2339 neceffe
1158 2330 1170 2350 ,
1197 2307 1427 2340 extenuata
1459 2293 1530 2338 ni-

244 2378 392 2413 tuntur
412 2367 457 2413 in
477 2367 736 2429 ampliorem
756 2364 938 2413 locum?
964 2368 1059 2428 Ego
1082 2379 1193 2412 vero
1214 2379 1255 2410 et
1279 2365 1389 2410 hanc
1409 2364 1528 2410 iudi-

244 2455 312 2487 co.
346 2439 554 2486 Ceterum
582 2439 654 2486 illa
681 2436 741 2486 est
765 2437 896 2502 longe
931 2438 1080 2487 verior
1104 2436 1253 2495 causa,
1289 2436 1526 2485 valentior-
