1730 2870
386 131 644 180 NATUR.
693 131 996 191 QUAEST.
1040 131 1261 178 ΜΒΝ.
1374 133 1465 192 267

186 236 272 285 tiae
286 237 509 294 venimus,
531 247 580 282 ut
602 236 676 299 qui
700 253 828 297 parce
845 236 1040 282 adulatur
1055 273 1070 293 ,
1089 252 1174 298 pro
1192 235 1385 299 maligno
1406 238 1468 285 sit.

186 310 386 356 Solebam
404 308 482 355 tibi
500 308 660 366 dicere,
679 310 928 356 Gallionem
949 310 1126 356 fratrem
1150 326 1293 355 meum
1308 307 1466 372 (quem

186 398 319 428 nemo
333 397 424 427 non
443 388 752 442 parum'amat‚
765 382 890 429 etiam
910 381 986 445 qui
1006 399 1149 429 amare
1167 383 1261 442 plus
1279 398 1371 428 non
1389 398 1468 444 ρο·

187 451 292 515 test)
312 452 391 498 alia
410 452 519 499 vitia
539 469 628 498 non
653 452 773 498 noffe
788 488 803 510 ‚
838 453 924 499 hoc
943 453 1072 498 etiam
1098 453 1251 499 odifl‘e.
1272 454 1324 498 ab
1344 452 1470 499 omni

185 524 305 570 illum
328 536 447 586 parte
469 525 649 572 tentasti.
678 524 902 588 Ingenium
921 523 1134 586 suspicere
1152 524 1349 586 coepisti,
1365 541 1466 571 om-

185 596 309 647 nium
346 597 586 644 maximum
621 610 664 644 et
694 596 1014 660 digniffimum,
1057 597 1178 658 quod
1224 596 1468 643 consecrari

185 671 357 728 mallet,
384 689 515 735 quam
546 670 716 718 conteri
740 688 751 716 :
783 670 915 732 pedes
945 668 1130 717 abstulit.
1162 669 1466 732 Frugalitatem

185 743 362 791 laudare
386 744 592 808 coepisti,
620 760 703 806 qua
731 742 788 789 fic
812 760 835 789 a
855 743 1047 790 nummis
1075 741 1260 799 resiluit,
1288 754 1335 788 ut
1366 743 1468 789 illos

187 815 347 862 habere
378 832 457 863 nec
487 816 690 862 damnare
719 815 955 861 videatur:
993 814 1132 877 prima
1164 813 1303 859 statim
1333 814 1470 861 verba

186 887 410 948 praecidit.
437 887 634 948 Coepisti
659 888 807 933 mirari
837 886 1092 933 comitatem
1124 897 1166 932 et
1195 885 1470 949 incomposi-

188 971 276 1004 tam
295 960 548 1007 suavitatem
570 977 712 1024 :quae
731 961 828 1007 illos
845 977 1048 1024 quoque,
1065 975 1177 1023 quos
1199 958 1347 1006 transit
1362 996 1372 1014 ‚
1394 959 1471 1005 ab-

189 1032 344 1090 ducit‚'
379 1033 612 1096 gratuitum
638 1033 768 1080 etiam
799 1034 845 1079 in
876 1032 1038 1082 obvios
1068 1031 1287 1080 meritum.
1321 1033 1470 1080 Nemo

188 1106 306 1152 enim
326 1108 575 1153 mortalium
602 1107 676 1153 uni
694 1119 781 1154 tam
808 1107 947 1154 dulcis
965 1106 1054 1165 est,
1080 1122 1210 1168 quam
1231 1105 1302 1151 hic
1319 1104 1469 1151 omni-

188 1179 268 1224 bus
286 1197 296 1223 :
317 1196 420 1225 cum
440 1179 612 1226 interim
631 1192 748 1226 tanta
773 1179 971 1226 naturalis
989 1179 1098 1226 boni
1124 1179 1191 1226 vis
1209 1177 1297 1235 est,
1319 1177 1380 1223 uti
1402 1194 1469 1224 ar-

187 1260 276 1296 tem
304 1248 711 1314 simulationemque
737 1268 829 1298 non
853 1251 1060 1298 redoleat.
1090 1251 1240 1297 Nemo
1258 1267 1349 1297 non
1379 1251 1468 1297 im·-

188 1320 331 1382 putari
358 1320 432 1367 fibi
453 1323 692 1368 bonitatem
713 1322 933 1384 publicam
954 1323 1127 1385 patitur.
1161 1323 1262 1369 Hoc
1285 1339 1468 1387 quoque

187 1393 291 1441 loco
316 1392 535 1440 blanditiis
567 1395 652 1442 tuis
680 1394 858 1449 restitit,
890 1406 937 1440 ut
970 1396 1231 1442 exclamares
1257 1395 1469 1444 invenisse

190 1477 235 1511 te
262 1465 644 1528 inexpugnabilem
664 1466 810 1527 virum
830 1466 1033 1513 adversus
1054 1466 1223 1512 infidias
1237 1503 1248 1523 ,
1270 1484 1373 1529 quas
1392 1484 1470 1514 nez

191 1553 269 1582 mo
290 1553 379 1582 non
399 1537 445 1583 in
463 1537 603 1584 sinum
621 1538 786 1600 recipit.
806 1541 872 1584 Eo
896 1538 1075 1601 quidem
1094 1538 1231 1600 magis
1249 1539 1357 1586 hanc
1376 1540 1471 1587 eius

190 1608 464 1673 prudentiam
480 1644 493 1665 ‚
517 1621 560 1656 et
584 1611 628 1655 in
649 1610 856 1656 evitando
875 1610 1116 1656 inevitabili
1140 1610 1256 1656 malo
1275 1610 1471 1673 pertina*

191 1684 303 1732 ciam
323 1695 364 1730 te
392 1683 605 1746 suspicere
626 1684 842 1732 confessus
868 1700 933 1741 es,
957 1685 1058 1748 quia
1078 1684 1324 1747 speraveras
1343 1685 1468 1748 posse

191 1759 348 1821 apertis
366 1758 539 1805 auribus
565 1758 730 1820 recipi,
762 1758 961 1821 quamvis
979 1758 1134 1804 blanda
1156 1758 1346 1817 diceres,
1367 1758 1470 1822 quia

191 1847 296 1880 vera
310 1830 494 1877 dicebas.
509 1831 593 1877 Sed
611 1847 667 1877 eo
683 1831 817 1894 magis
832 1831 1042 1878 intellexit
1058 1831 1329 1879 obstandum.
1346 1834 1470 1879 Sem-

191 1920 269 1966 per
297 1902 414 1949 enim
438 1902 549 1948 falsis
579 1919 603 1948 a
633 1919 746 1950 vero
772 1903 934 1965 petitur
958 1903 1132 1950 veritas.
1167 1904 1287 1951 Nolo
1321 1919 1469 1951 tamen

192 1974 272 2020 tibi
301 1973 553 2036 displiceas,
583 1975 699 2037 quasi
734 1976 844 2022 male
870 1974 1010 2038 egeris
1040 1975 1247 2034 mimum,
1279 1989 1322 2023 et
1350 1977 1469 2040 quasi

193 2045 264 2091 ille
291 2044 454 2106 aliquid
477 2045 681 2091 iocorum
707 2057 778 2092 aut
796 2045 886 2091 doli
908 2045 1140 2107 suspicatus
1172 2046 1235 2093 sit.
1259 2048 1364 2092 Non
1393 2048 1471 2095 de·

193 2116 425 2180 prehendit
451 2132 521 2175 te,
545 2118 615 2164 sed
640 2118 810 2180 repulit.
833 2118 902 2164 Ad
926 2118 1014 2165 hoc
1033 2118 1254 2180 exemplar
1274 2135 1470 2181 compo-

193 2206 311 2236 nere.
348 2189 461 2235 Cum
494 2190 590 2253 quis
628 2191 681 2236 ad
719 2202 760 2235 te
790 2189 987 2236 adulator
1019 2190 1263 2249 accesserit,
1297 2190 1470 2240 dicitoe

193 2260 277 2306 Vis
307 2272 352 2306 tu
381 2259 458 2306 ista
488 2261 654 2318 verba,
685 2278 795 2324 quae
822 2261 908 2307 iam
935 2262 990 2309 ab
1014 2262 1102 2309 alio
1133 2262 1378 2326 magistratu
1412 2264 1468 2312 ad

193 2332 325 2379 alium
350 2349 449 2380 cum
480 2333 703 2380 lictoribus
735 2334 975 2392 transeunt,
1013 2334 1126 2381 ferre
1155 2335 1209 2380 ad
1239 2336 1430 2398 aliquem
1451 2372 1466 2394 ‚

196 2403 275 2467 qui
304 2404 425 2467 paria
453 2404 666 2466 scibimus,
701 2407 795 2455 vult
814 2406 1031 2470 quidquid
1062 2406 1245 2469 dixeris,
1278 2408 1465 2456 audire?
