1730 2870
497 159 1076 206 EPISTOLAE.
1362 166 1420 227 63

150 261 456 325 grammaticus
482 264 722 330 explicuit,
770 266 959 327 primum
993 267 1123 327 reapse
1153 266 1238 315 dici
1265 269 1318 315 ab
1349 272 1428 317 Ci-

150 346 342 393 cerone,
376 334 421 380 id
457 335 545 391 est,
581 337 716 400 reipsa
737 370 749 392 ‚
782 340 825 384 in
858 341 1226 387 commentarium
1262 341 1423 399 refert;

149 425 231 454 nec
259 408 400 454 minus
423 410 560 470 sepse,
596 411 640 456 id
667 410 755 466 est,
795 411 944 474 seipse.
992 411 1166 460 Deinde
1198 414 1346 461 transit
1373 418 1427 462 ad

150 495 227 535 ea,
256 494 366 541 quae
396 481 669 527 consuetudo
696 483 824 528 seculi
856 483 1077 530 mutavit:
1108 496 1314 548 tanquam
1335 503 1426 533 non

149 552 272 614 quod
308 552 368 597 ait
402 551 596 609 Cicero,
630 555 856 615 Quoniam
887 555 1030 602 sumus
1058 557 1111 602 ab
1145 557 1234 620 ipsa
1270 559 1389 607 calce
1409 596 1424 618 ‚

148 624 240 670 eius
270 625 615 686 interpellatione
648 627 843 674 revocati
877 645 888 673 :
920 627 1031 674 hanc
1066 646 1194 691 quam
1232 648 1350 678 nunc
1379 631 1424 677 in

150 697 271 745 circo
292 713 454 745 cretam
475 717 709 758 vocamus,
729 702 893 748 calcem
914 701 1080 764 antiqui
1100 703 1312 750 dicebant.
1332 706 1426 751 De-

151 770 252 816 inde
282 771 503 819 Ennianos
533 774 702 838 colligit
726 775 899 830 versus,
933 789 976 821 et
1003 775 1048 821 in
1078 777 1230 838 primis
1255 777 1354 825 illos
1373 779 1428 826 de

152 842 364 891 Africano
392 847 603 910 scriptos:
730 840 733 847 ‘

466 975 540 1018 Cui
560 991 677 1019 nemo
705 973 807 1020 civis
828 993 950 1036 neque
977 975 1097 1038 hostis

217 1059 366 1120 Quivit
387 1072 464 1115 pro
483 1054 616 1113 fizffls
642 1057 793 1099 reddere
817 1058 1121 1115 opraepretium.

89 1182 98 1186 -
149 1194 216 1238 Ex
241 1206 296 1237 eo
323 1189 362 1236 se
391 1188 450 1235 ait
475 1187 709 1251 intelligere
726 1224 737 1244 ‚
761 1189 878 1250 apud
906 1189 1111 1252 antiquos
1139 1204 1230 1234 non
1259 1202 1428 1236 tantum

148 1263 356 1310 auxilium
379 1260 632 1325 fignificaffe
653 1276 858 1323 operam,
884 1260 956 1307 sed
975 1278 1123 1324 opera.
1146 1261 1203 1306 ait
1222 1262 1340 1307 enim
1363 1280 1431 1310 ne·

149 1335 313 1382 minem
347 1331 531 1395 potuisse
554 1333 925 1395 Scipioni⁶neque
964 1333 1140 1386 civem,
1172 1348 1314 1394 neque
1344 1333 1431 1378 ho-

149 1405 256 1452 stem
297 1405 478 1451 reddere
515 1420 675 1466 operae
711 1404 913 1466 pretium.
970 1404 1157 1451 Felicem
1196 1403 1354 1450 deinde
1386 1404 1430 1451 se

149 1490 297 1541 putat,
328 1476 449 1541 quod
473 1477 717 1533 inveniret,
748 1477 863 1525 unde
891 1476 1033 1525 visum
1064 1475 1114 1523 fit
1148 1475 1339 1538 Virgilio
1365 1476 1430 1524 di·

150 1566 283 1598 cere:

318 1712 322 1716 .
465 1664 599 1735 Qicem
617 1675 744 1735 super
769 1676 914 1736 ingens

215 1758 349 1801 Porta
377 1771 498 1802 tonat
526 1759 635 1803 coeli.
943 1776 950 1785 ’

153 1886 341 1935 Ennium
367 1886 455 1934 hoc
477 1887 535 1934 ait
559 1867 762 1936 Homero
792 1885 1071 1950 surripuiffe3
1104 1887 1251 1935 Ennio
1279 1886 1434 1952 Virgia

151 1963 271 2009 lium.
294 1959 367 2005 Est
396 1961 512 2007 enim
543 1963 659 2025 apud
686 1963 950 2010 Ciceronem
973 1961 1019 2009 in
1052 1961 1117 2009 his
1139 1962 1238 2025 ipfis
1265 1963 1319 2010 de
1349 1965 1432 2011 Re-

155 2036 326 2099 publica
348 2037 437 2084 hoc
465 2035 744 2099 Epigramma
764 2051 776 2080 ε

218 2173 252 2213 S
256 2172 271 2214 ι’
285 2172 367 2230 fas
390 2172 492 2216 endo
502 2171 657 2230 plagas
679 2168 882 2234 coelssum
912 2168 1118 2228 afiendere
1137 2168 1326 2228 cuiquam
1346 2184 1363 2211 .·

286 2254 358 2298 Mi
371 2254 460 2313 soli
495 2254 591 2298 coeli
618 2252 810 2296 maxima
832 2264 956 2310 porta
978 2263 1111 2310 patet.

156 2384 241 2432 Sed
273 2401 326 2431 ne
350 2396 393 2431 et
418 2382 507 2446 ipse
527 2417 540 2440 ‚
570 2382 675 2428 dum
706 2381 820 2427 aliud
847 2396 929 2444 ago
946 2415 959 2436 ,
989 2379 1036 2426 in
1064 2379 1343 2443 philologum
1361 2391 1434 2428 aut

157 2455 487 2520 grammaticum
518 2453 714 2512 dilabar,
742 2451 848 2500 illud
877 2451 1127 2513 admone0‚
1160 2451 1432 2504 auditionem
