<?xml version="1.0" encoding="UTF-8"?>
<!DOCTYPE html PUBLIC "-//W3C//DTD XHTML 1.0 Transitional//EN"
    "http://www.w3.org/TR/xhtml1/DTD/xhtml1-transitional.dtd">
<html xmlns="http://www.w3.org/1999/xhtml" xml:lang="en" lang="en">
 <head>
  <title>
</title>
<meta http-equiv="Content-Type" content="text/html;charset=utf-8" />
  <meta name='ocr-system' content='tesseract 3.04.00' />
  <meta name='ocr-capabilities' content='ocr_page ocr_carea ocr_par ocr_line ocrx_word'/>
</head>
<body>
  <div class='ocr_page' id='page_1' title='image "./lannaeisenecaeph04seneuoft_0349.png"; bbox 0 0 1730 2870; ppageno 0'>
   <div class='ocr_carea' id='block_1_1' title="bbox 377 104 1459 170">
    <p class='ocr_par' dir='ltr' id='par_1_1' title="bbox 377 104 1459 170">
     <span class='ocr_line' id='line_1_1' title="bbox 377 104 1459 170; baseline -0.003 -16"><span class='ocrx_word' id='word_1_1' title='bbox 377 106 638 154; x_wconf 80' lang='lat' dir='ltr'>NATUR.</span> <span class='ocrx_word' id='word_1_2' title='bbox 689 104 990 165; x_wconf 83' lang='lat' dir='ltr'><strong>QUAEST.</strong></span> <span class='ocrx_word' id='word_1_3' title='bbox 1040 106 1158 151; x_wconf 82' lang='lat' dir='ltr'><strong>LIB.</strong></span> <span class='ocrx_word' id='word_1_4' title='bbox 1194 108 1271 151; x_wconf 86' lang='lat' dir='ltr'>V1.</span> <span class='ocrx_word' id='word_1_5' title='bbox 1371 123 1459 170; x_wconf 77' lang='lat'>343</span> 
     </span>
    </p>
   </div>
   <div class='ocr_carea' id='block_1_2' title="bbox 174 208 1526 2309">
    <p class='ocr_par' dir='ltr' id='par_1_2' title="bbox 174 208 1526 2309">
     <span class='ocr_line' id='line_1_2' title="bbox 183 208 1471 273; baseline -0.005 -11"><span class='ocrx_word' id='word_1_6' title='bbox 183 215 270 262; x_wconf 77' lang='lat' dir='ltr'>lam</span> <span class='ocrx_word' id='word_1_7' title='bbox 289 212 487 269; x_wconf 81' lang='lat' dir='ltr'>infidiae,</span> <span class='ocrx_word' id='word_1_8' title='bbox 503 210 592 257; x_wconf 69' lang='lat' dir='ltr'>sive</span> <span class='ocrx_word' id='word_1_9' title='bbox 611 209 758 255; x_wconf 86' lang='lat' dir='ltr'>morbi</span> <span class='ocrx_word' id='word_1_10' title='bbox 779 222 929 272; x_wconf 88' lang='lat' dir='ltr'>petent</span> <span class='ocrx_word' id='word_1_11' title='bbox 947 244 963 266; x_wconf 92' lang='lat'>,</span> <span class='ocrx_word' id='word_1_12' title='bbox 983 209 1072 257; x_wconf 86' lang='lat' dir='ltr'>five</span> <span class='ocrx_word' id='word_1_13' title='bbox 1096 208 1285 256; x_wconf 87' lang='lat' dir='ltr'>hostium</span> <span class='ocrx_word' id='word_1_14' title='bbox 1313 209 1471 273; x_wconf 79' lang='lat' dir='ltr'>gladii,</span> 
     </span>
     <span class='ocr_line' id='line_1_3' title="bbox 184 282 1470 347; baseline -0.005 -11"><span class='ocrx_word' id='word_1_15' title='bbox 184 289 273 336; x_wconf 84' lang='lat' dir='ltr'>five</span> <span class='ocrx_word' id='word_1_16' title='bbox 299 288 531 334; x_wconf 90' lang='lat' dir='ltr'>insularum</span> <span class='ocrx_word' id='word_1_17' title='bbox 553 283 799 331; x_wconf 81' lang='lat' dir='ltr'>cadentium</span> <span class='ocrx_word' id='word_1_18' title='bbox 819 283 968 347; x_wconf 87' lang='lat' dir='ltr'>fragor</span> <span class='ocrx_word' id='word_1_19' title='bbox 982 317 996 339; x_wconf 93' lang='lat'>,</span> <span class='ocrx_word' id='word_1_20' title='bbox 1027 282 1118 331; x_wconf 84' lang='lat' dir='ltr'>five</span> <span class='ocrx_word' id='word_1_21' title='bbox 1136 283 1326 345; x_wconf 88' lang='lat' dir='ltr'>ipsarum</span> <span class='ocrx_word' id='word_1_22' title='bbox 1346 284 1470 329; x_wconf 85' lang='lat' dir='ltr'>ruina</span> 
     </span>
     <span class='ocr_line' id='line_1_4' title="bbox 183 354 1468 420; baseline -0.006 -12"><span class='ocrx_word' id='word_1_23' title='bbox 183 373 395 409; x_wconf 86' lang='lat' dir='ltr'>terrarum</span> <span class='ocrx_word' id='word_1_24' title='bbox 409 394 422 416; x_wconf 90' lang='lat'>‚</span> <span class='ocrx_word' id='word_1_25' title='bbox 443 357 533 405; x_wconf 83' lang='lat' dir='ltr'>five</span> <span class='ocrx_word' id='word_1_26' title='bbox 552 357 669 405; x_wconf 89' lang='lat' dir='ltr'>vasta</span> <span class='ocrx_word' id='word_1_27' title='bbox 688 357 757 404; x_wconf 86' lang='lat' dir='ltr'>vis</span> <span class='ocrx_word' id='word_1_28' title='bbox 776 356 942 420; x_wconf 83' lang='lat' dir='ltr'>ignium</span> <span class='ocrx_word' id='word_1_29' title='bbox 959 391 972 412; x_wconf 92' lang='lat'><em>,</em></span> <span class='ocrx_word' id='word_1_30' title='bbox 992 356 1122 403; x_wconf 87' lang='lat' dir='ltr'>urbes</span> <span class='ocrx_word' id='word_1_31' title='bbox 1143 354 1355 418; x_wconf 85' lang='lat' dir='ltr'>agrosque</span> <span class='ocrx_word' id='word_1_32' title='bbox 1377 354 1468 416; x_wconf 85' lang='lat' dir='ltr'>pari</span> 
     </span>
     <span class='ocr_line' id='line_1_5' title="bbox 184 428 1472 494; baseline -0.005 -13"><span class='ocrx_word' id='word_1_33' title='bbox 184 435 304 481; x_wconf 91' lang='lat' dir='ltr'>clade</span> <span class='ocrx_word' id='word_1_34' title='bbox 331 431 587 494; x_wconf 85' lang='lat' dir='ltr'>complexa,</span> <span class='ocrx_word' id='word_1_35' title='bbox 617 447 718 478; x_wconf 90' lang='lat' dir='ltr'>cum</span> <span class='ocrx_word' id='word_1_36' title='bbox 741 431 846 476; x_wconf 88' lang='lat' dir='ltr'>libet</span> <span class='ocrx_word' id='word_1_37' title='bbox 876 429 939 476; x_wconf 87' lang='lat' dir='ltr'>illi</span> <span class='ocrx_word' id='word_1_38' title='bbox 957 465 970 488; x_wconf 92' lang='lat'>‚</span> <span class='ocrx_word' id='word_1_39' title='bbox 998 446 1095 476; x_wconf 87' lang='lat' dir='ltr'>eam</span> <span class='ocrx_word' id='word_1_40' title='bbox 1115 429 1311 491; x_wconf 86' lang='lat' dir='ltr'>accipiat.</span> <span class='ocrx_word' id='word_1_41' title='bbox 1348 428 1472 488; x_wconf 83' lang='lat' dir='ltr'>Quid</span> 
     </span>
     <span class='ocr_line' id='line_1_6' title="bbox 184 502 1474 568; baseline -0.004 -16"><span class='ocrx_word' id='word_1_42' title='bbox 184 507 301 553; x_wconf 90' lang='lat' dir='ltr'>aliud</span> <span class='ocrx_word' id='word_1_43' title='bbox 321 506 464 553; x_wconf 84' lang='lat' dir='ltr'>debeo</span> <span class='ocrx_word' id='word_1_44' title='bbox 482 540 496 564; x_wconf 94' lang='lat'>,</span> <span class='ocrx_word' id='word_1_45' title='bbox 519 522 650 568; x_wconf 90' lang='lat' dir='ltr'>quam</span> <span class='ocrx_word' id='word_1_46' title='bbox 680 516 914 559; x_wconf 85' lang='lat' dir='ltr'>exeuntem</span> <span class='ocrx_word' id='word_1_47' title='bbox 941 502 1134 560; x_wconf 89' lang='lat' dir='ltr'>hortari,</span> <span class='ocrx_word' id='word_1_48' title='bbox 1161 514 1204 549; x_wconf 84' lang='lat' dir='ltr'>et</span> <span class='ocrx_word' id='word_1_49' title='bbox 1223 519 1324 550; x_wconf 88' lang='lat' dir='ltr'>cum</span> <span class='ocrx_word' id='word_1_50' title='bbox 1344 502 1474 548; x_wconf 86' lang='lat' dir='ltr'>bonis</span> 
     </span>
     <span class='ocr_line' id='line_1_7' title="bbox 185 573 1472 632; baseline -0.004 -7"><span class='ocrx_word' id='word_1_51' title='bbox 185 578 389 625; x_wconf 88' lang='lat' dir='ltr'>omnibus</span> <span class='ocrx_word' id='word_1_52' title='bbox 421 577 618 625; x_wconf 86' lang='lat' dir='ltr'>emittere</span> <span class='ocrx_word' id='word_1_53' title='bbox 658 592 670 622; x_wconf 79' lang='lat' dir='ltr'><em>z</em></span> <span class='ocrx_word' id='word_1_54' title='bbox 711 577 837 623; x_wconf 85' lang='lat' dir='ltr'>Vade</span> <span class='ocrx_word' id='word_1_55' title='bbox 873 575 1078 632; x_wconf 85' lang='lat' dir='ltr'>fortiter,</span> <span class='ocrx_word' id='word_1_56' title='bbox 1121 573 1235 623; x_wconf 90' lang='lat' dir='ltr'>vade</span> <span class='ocrx_word' id='word_1_57' title='bbox 1272 573 1472 622; x_wconf 81' lang='lat' dir='ltr'>feliciter.</span> 
     </span>
     <span class='ocr_line' id='line_1_8' title="bbox 185 648 1473 705; baseline -0.003 -7"><span class='ocrx_word' id='word_1_58' title='bbox 185 651 307 698; x_wconf 87' lang='lat' dir='ltr'>Nihil</span> <span class='ocrx_word' id='word_1_59' title='bbox 336 652 602 698; x_wconf 91' lang='lat' dir='ltr'>dubitaveris</span> <span class='ocrx_word' id='word_1_60' title='bbox 628 650 829 697; x_wconf 88' lang='lat' dir='ltr'>reddere.</span> <span class='ocrx_word' id='word_1_61' title='bbox 857 649 964 694; x_wconf 91' lang='lat' dir='ltr'>Non</span> <span class='ocrx_word' id='word_1_62' title='bbox 988 649 1042 695; x_wconf 90' lang='lat' dir='ltr'>de</span> <span class='ocrx_word' id='word_1_63' title='bbox 1067 665 1137 705; x_wconf 91' lang='lat' dir='ltr'>re,</span> <span class='ocrx_word' id='word_1_64' title='bbox 1172 648 1246 695; x_wconf 89' lang='lat' dir='ltr'>sed</span> <span class='ocrx_word' id='word_1_65' title='bbox 1279 648 1332 694; x_wconf 93' lang='lat' dir='ltr'>de</span> <span class='ocrx_word' id='word_1_66' title='bbox 1355 663 1473 695; x_wconf 89' lang='lat' dir='ltr'>tem-</span> 
     </span>
     <span class='ocr_line' id='line_1_9' title="bbox 184 720 1471 787; baseline -0.002 -17"><span class='ocrx_word' id='word_1_67' title='bbox 184 741 292 787; x_wconf 90' lang='lat' dir='ltr'>pore</span> <span class='ocrx_word' id='word_1_68' title='bbox 311 724 372 772; x_wconf 88' lang='lat' dir='ltr'>est</span> <span class='ocrx_word' id='word_1_69' title='bbox 389 723 599 787; x_wconf 86' lang='lat' dir='ltr'>quaestio.</span> <span class='ocrx_word' id='word_1_70' title='bbox 628 723 746 770; x_wconf 82' lang='lat' dir='ltr'>Facis</span> <span class='ocrx_word' id='word_1_71' title='bbox 776 723 899 786; x_wconf 92' lang='lat' dir='ltr'>quod</span> <span class='ocrx_word' id='word_1_72' title='bbox 924 721 1191 785; x_wconf 86' lang='lat' dir='ltr'>quandoque</span> <span class='ocrx_word' id='word_1_73' title='bbox 1217 720 1471 768; x_wconf 87' lang='lat' dir='ltr'>faciendum</span> 
     </span>
     <span class='ocr_line' id='line_1_10' title="bbox 185 793 1474 861; baseline -0.004 -17"><span class='ocrx_word' id='word_1_74' title='bbox 185 797 259 845; x_wconf 85' lang='lat' dir='ltr'>est.</span> <span class='ocrx_word' id='word_1_75' title='bbox 278 799 372 844; x_wconf 89' lang='lat' dir='ltr'>Nec</span> <span class='ocrx_word' id='word_1_76' title='bbox 393 795 617 861; x_wconf 77' lang='lat' dir='ltr'>rogaveris</span> <span class='ocrx_word' id='word_1_77' title='bbox 633 833 646 853; x_wconf 87' lang='lat'><strong>‚</strong></span> <span class='ocrx_word' id='word_1_78' title='bbox 672 813 752 843; x_wconf 90' lang='lat' dir='ltr'>nec</span> <span class='ocrx_word' id='word_1_79' title='bbox 775 795 971 842; x_wconf 81' lang='lat' dir='ltr'>timueris</span> <span class='ocrx_word' id='word_1_80' title='bbox 991 831 1004 851; x_wconf 91' lang='lat'><em>‚</em></span> <span class='ocrx_word' id='word_1_81' title='bbox 1028 811 1108 842; x_wconf 86' lang='lat' dir='ltr'>nec</span> <span class='ocrx_word' id='word_1_82' title='bbox 1128 807 1170 842; x_wconf 90' lang='lat' dir='ltr'>te</span> <span class='ocrx_word' id='word_1_83' title='bbox 1190 794 1312 843; x_wconf 85' lang='lat' dir='ltr'>velut</span> <span class='ocrx_word' id='word_1_84' title='bbox 1332 793 1375 841; x_wconf 87' lang='lat' dir='ltr'>in</span> <span class='ocrx_word' id='word_1_85' title='bbox 1397 793 1474 840; x_wconf 87' lang='lat' dir='ltr'>ali-</span> 
     </span>
     <span class='ocr_line' id='line_1_11' title="bbox 185 869 1475 932; baseline -0.002 -17"><span class='ocrx_word' id='word_1_86' title='bbox 185 871 308 932; x_wconf 91' lang='lat' dir='ltr'>quod</span> <span class='ocrx_word' id='word_1_87' title='bbox 338 870 500 916; x_wconf 85' lang='lat' dir='ltr'>malum</span> <span class='ocrx_word' id='word_1_88' title='bbox 531 869 751 916; x_wconf 89' lang='lat' dir='ltr'>exiturum</span> <span class='ocrx_word' id='word_1_89' title='bbox 780 869 930 915; x_wconf 88' lang='lat' dir='ltr'>tuleris</span> <span class='ocrx_word' id='word_1_90' title='bbox 958 881 1092 915; x_wconf 86' lang='lat' dir='ltr'>retro.</span> <span class='ocrx_word' id='word_1_91' title='bbox 1124 869 1289 914; x_wconf 89' lang='lat' dir='ltr'>Rerum</span> <span class='ocrx_word' id='word_1_92' title='bbox 1318 880 1475 914; x_wconf 87' lang='lat' dir='ltr'>natura</span> 
     </span>
     <span class='ocr_line' id='line_1_12' title="bbox 186 939 1471 1005; baseline 0 -19"><span class='ocrx_word' id='word_1_93' title='bbox 186 956 252 997; x_wconf 78' lang='lat' dir='ltr'>te,</span> <span class='ocrx_word' id='word_1_94' title='bbox 276 958 389 1004; x_wconf 90' lang='lat' dir='ltr'>quae</span> <span class='ocrx_word' id='word_1_95' title='bbox 409 941 585 1005; x_wconf 82' lang='lat' dir='ltr'>genuit,</span> <span class='ocrx_word' id='word_1_96' title='bbox 607 941 847 1003; x_wconf 68' lang='lat' dir='ltr'>exspectat,</span> <span class='ocrx_word' id='word_1_97' title='bbox 867 953 909 987; x_wconf 87' lang='lat' dir='ltr'>et</span> <span class='ocrx_word' id='word_1_98' title='bbox 926 942 1052 987; x_wconf 84' lang='lat' dir='ltr'>locus</span> <span class='ocrx_word' id='word_1_99' title='bbox 1072 939 1230 987; x_wconf 87' lang='lat' dir='ltr'>melior</span> <span class='ocrx_word' id='word_1_100' title='bbox 1248 957 1299 987; x_wconf 90' lang='lat' dir='ltr'>ac</span> <span class='ocrx_word' id='word_1_101' title='bbox 1317 940 1471 986; x_wconf 87' lang='lat' dir='ltr'>tutior.</span> 
     </span>
     <span class='ocr_line' id='line_1_13' title="bbox 186 1014 1526 1071; baseline 0.003 -11"><span class='ocrx_word' id='word_1_102' title='bbox 186 1016 277 1063; x_wconf 87' lang='lat' dir='ltr'>lllic</span> <span class='ocrx_word' id='word_1_103' title='bbox 307 1033 399 1062; x_wconf 87' lang='lat' dir='ltr'>non</span> <span class='ocrx_word' id='word_1_104' title='bbox 437 1028 629 1062; x_wconf 88' lang='lat' dir='ltr'>tremunt</span> <span class='ocrx_word' id='word_1_105' title='bbox 663 1028 834 1071; x_wconf 83' lang='lat' dir='ltr'>terrae,</span> <span class='ocrx_word' id='word_1_106' title='bbox 873 1032 954 1061; x_wconf 91' lang='lat' dir='ltr'>nec</span> <span class='ocrx_word' id='word_1_107' title='bbox 993 1015 1107 1062; x_wconf 85' lang='lat' dir='ltr'>inter</span> <span class='ocrx_word' id='word_1_108' title='bbox 1141 1015 1184 1061; x_wconf 86' lang='lat' dir='ltr'>se</span> <span class='ocrx_word' id='word_1_109' title='bbox 1217 1014 1339 1062; x_wconf 90' lang='lat' dir='ltr'>venti</span> <span class='ocrx_word' id='word_1_110' title='bbox 1375 1031 1475 1061; x_wconf 88' lang='lat' dir='ltr'>cum</span> <span class='ocrx_word' id='word_1_111' title='bbox 1511 1049 1526 1064; x_wconf 54' lang='lat'><em>2</em></span> 
     </span>
     <span class='ocr_line' id='line_1_14' title="bbox 186 1086 1478 1151; baseline 0 -18"><span class='ocrx_word' id='word_1_112' title='bbox 186 1105 347 1150; x_wconf 79' lang='lat' dir='ltr'>magno</span> <span class='ocrx_word' id='word_1_113' title='bbox 369 1088 549 1134; x_wconf 86' lang='lat' dir='ltr'>nubium</span> <span class='ocrx_word' id='word_1_114' title='bbox 568 1087 743 1151; x_wconf 85' lang='lat' dir='ltr'>fragore</span> <span class='ocrx_word' id='word_1_115' title='bbox 764 1099 1060 1143; x_wconf 85' lang='lat' dir='ltr'>concurrunt,</span> <span class='ocrx_word' id='word_1_116' title='bbox 1080 1103 1173 1133; x_wconf 84' lang='lat' dir='ltr'>non</span> <span class='ocrx_word' id='word_1_117' title='bbox 1194 1086 1393 1133; x_wconf 86' lang='lat' dir='ltr'>incendia</span> <span class='ocrx_word' id='word_1_118' title='bbox 1409 1104 1478 1133; x_wconf 86' lang='lat' dir='ltr'>re-</span> 
     </span>
     <span class='ocr_line' id='line_1_15' title="bbox 184 1159 1480 1225; baseline 0.001 -19"><span class='ocrx_word' id='word_1_119' title='bbox 184 1162 336 1224; x_wconf 84' lang='lat' dir='ltr'>giones</span> <span class='ocrx_word' id='word_1_120' title='bbox 365 1162 577 1225; x_wconf 87' lang='lat' dir='ltr'>urbesque</span> <span class='ocrx_word' id='word_1_121' title='bbox 615 1161 816 1219; x_wconf 85' lang='lat' dir='ltr'>vastant,</span> <span class='ocrx_word' id='word_1_122' title='bbox 855 1177 948 1208; x_wconf 92' lang='lat' dir='ltr'>non</span> <span class='ocrx_word' id='word_1_123' title='bbox 987 1159 1320 1223; x_wconf 87' lang='lat' dir='ltr'>naufragiorum</span> <span class='ocrx_word' id='word_1_124' title='bbox 1366 1172 1480 1207; x_wconf 82' lang='lat' dir='ltr'>totas</span> 
     </span>
     <span class='ocr_line' id='line_1_16' title="bbox 185 1233 1479 1291; baseline -0.001 -10"><span class='ocrx_word' id='word_1_125' title='bbox 185 1233 334 1281; x_wconf 71' lang='lat' dir='ltr'>class&#39;es</span> <span class='ocrx_word' id='word_1_126' title='bbox 367 1235 638 1282; x_wconf 88' lang='lat' dir='ltr'>sorbentium</span> <span class='ocrx_word' id='word_1_127' title='bbox 670 1247 812 1282; x_wconf 88' lang='lat' dir='ltr'>metus</span> <span class='ocrx_word' id='word_1_128' title='bbox 845 1235 934 1291; x_wconf 86' lang='lat' dir='ltr'>est,</span> <span class='ocrx_word' id='word_1_129' title='bbox 967 1250 1058 1280; x_wconf 91' lang='lat' dir='ltr'>non</span> <span class='ocrx_word' id='word_1_130' title='bbox 1092 1250 1212 1279; x_wconf 87' lang='lat' dir='ltr'>arma</span> <span class='ocrx_word' id='word_1_131' title='bbox 1248 1233 1479 1280; x_wconf 81' lang='lat' dir='ltr'>contrariis</span> 
     </span>
     <span class='ocr_line' id='line_1_17' title="bbox 185 1306 1478 1370; baseline -0.001 -16"><span class='ocrx_word' id='word_1_132' title='bbox 185 1306 390 1370; x_wconf 85' lang='lat' dir='ltr'>disposita</span> <span class='ocrx_word' id='word_1_133' title='bbox 408 1309 578 1355; x_wconf 74' lang='lat' dir='ltr'>vexillis</span> <span class='ocrx_word' id='word_1_134' title='bbox 591 1343 604 1365; x_wconf 95' lang='lat'>,</span> <span class='ocrx_word' id='word_1_135' title='bbox 632 1320 674 1354; x_wconf 91' lang='lat' dir='ltr'>et</span> <span class='ocrx_word' id='word_1_136' title='bbox 693 1309 739 1354; x_wconf 90' lang='lat' dir='ltr'>in</span> <span class='ocrx_word' id='word_1_137' title='bbox 757 1321 955 1354; x_wconf 88' lang='lat' dir='ltr'>mutuam</span> <span class='ocrx_word' id='word_1_138' title='bbox 976 1306 1216 1370; x_wconf 75' lang='lat' dir='ltr'>perniciem</span> <span class='ocrx_word' id='word_1_139' title='bbox 1235 1308 1478 1353; x_wconf 85' lang='lat' dir='ltr'>multorum</span> 
     </span>
     <span class='ocr_line' id='line_1_18' title="bbox 185 1380 1480 1444; baseline 0 -19"><span class='ocrx_word' id='word_1_140' title='bbox 185 1380 370 1427; x_wconf 84' lang='lat' dir='ltr'>millium</span> <span class='ocrx_word' id='word_1_141' title='bbox 388 1397 465 1444; x_wconf 90' lang='lat' dir='ltr'>par</span> <span class='ocrx_word' id='word_1_142' title='bbox 486 1381 639 1438; x_wconf 86' lang='lat' dir='ltr'>furor,</span> <span class='ocrx_word' id='word_1_143' title='bbox 663 1397 755 1428; x_wconf 89' lang='lat' dir='ltr'>non</span> <span class='ocrx_word' id='word_1_144' title='bbox 780 1380 1018 1443; x_wconf 84' lang='lat' dir='ltr'>pestilentia</span> <span class='ocrx_word' id='word_1_145' title='bbox 1037 1416 1050 1436; x_wconf 90' lang='lat'>‚</span> <span class='ocrx_word' id='word_1_146' title='bbox 1088 1394 1132 1426; x_wconf 91' lang='lat' dir='ltr'>et</span> <span class='ocrx_word' id='word_1_147' title='bbox 1156 1380 1354 1426; x_wconf 83' lang='lat' dir='ltr'>ardentes</span> <span class='ocrx_word' id='word_1_148' title='bbox 1373 1398 1480 1440; x_wconf 87' lang='lat' dir='ltr'>pro-</span> 
     </span>
     <span class='ocr_line' id='line_1_19' title="bbox 186 1452 1479 1517; baseline 0.002 -19"><span class='ocrx_word' id='word_1_149' title='bbox 186 1453 376 1510; x_wconf 86' lang='lat' dir='ltr'>miscue,</span> <span class='ocrx_word' id='word_1_150' title='bbox 417 1470 678 1501; x_wconf 86' lang='lat' dir='ltr'>communes</span> <span class='ocrx_word' id='word_1_151' title='bbox 711 1454 888 1517; x_wconf 84' lang='lat' dir='ltr'>populis</span> <span class='ocrx_word' id='word_1_152' title='bbox 925 1452 1181 1499; x_wconf 80' lang='lat' dir='ltr'>cadentibus</span> <span class='ocrx_word' id='word_1_153' title='bbox 1216 1453 1326 1515; x_wconf 80' lang='lat' dir='ltr'>rogi.</span> <span class='ocrx_word' id='word_1_154' title='bbox 1366 1453 1479 1500; x_wconf 79' lang='lat' dir='ltr'>Istud</span> 
     </span>
     <span class='ocr_line' id='line_1_20' title="bbox 185 1524 1479 1588; baseline 0.001 -19"><span class='ocrx_word' id='word_1_155' title='bbox 185 1524 283 1572; x_wconf 89' lang='lat' dir='ltr'>leve</span> <span class='ocrx_word' id='word_1_156' title='bbox 302 1524 362 1571; x_wconf 88' lang='lat' dir='ltr'>est</span> <span class='ocrx_word' id='word_1_157' title='bbox 381 1543 391 1572; x_wconf 75' lang='grc' dir='ltr'><strong><em>ε</em></strong></span> <span class='ocrx_word' id='word_1_158' title='bbox 411 1526 518 1588; x_wconf 89' lang='lat' dir='ltr'>quid</span> <span class='ocrx_word' id='word_1_159' title='bbox 537 1527 772 1573; x_wconf 84' lang='lat' dir='ltr'>timemus?</span> <span class='ocrx_word' id='word_1_160' title='bbox 808 1526 957 1572; x_wconf 90' lang='lat' dir='ltr'>Grave</span> <span class='ocrx_word' id='word_1_161' title='bbox 984 1524 1075 1572; x_wconf 90' lang='lat' dir='ltr'>est:</span> <span class='ocrx_word' id='word_1_162' title='bbox 1096 1524 1244 1588; x_wconf 86' lang='lat' dir='ltr'>potius</span> <span class='ocrx_word' id='word_1_163' title='bbox 1262 1525 1391 1572; x_wconf 89' lang='lat' dir='ltr'>semel</span> <span class='ocrx_word' id='word_1_164' title='bbox 1409 1526 1479 1571; x_wconf 83' lang='lat' dir='ltr'>in-</span> 
     </span>
     <span class='ocr_line' id='line_1_21' title="bbox 189 1599 1479 1664; baseline 0.002 -20"><span class='ocrx_word' id='word_1_165' title='bbox 189 1600 335 1654; x_wconf 87' lang='lat' dir='ltr'>cidat,</span> <span class='ocrx_word' id='word_1_166' title='bbox 365 1616 495 1662; x_wconf 88' lang='lat' dir='ltr'>quam</span> <span class='ocrx_word' id='word_1_167' title='bbox 533 1600 705 1664; x_wconf 90' lang='lat' dir='ltr'>semper</span> <span class='ocrx_word' id='word_1_168' title='bbox 736 1600 996 1664; x_wconf 82' lang='lat' dir='ltr'>impendeat.</span> <span class='ocrx_word' id='word_1_169' title='bbox 1030 1603 1127 1662; x_wconf 86' lang='lat' dir='ltr'>Ego</span> <span class='ocrx_word' id='word_1_170' title='bbox 1155 1611 1299 1646; x_wconf 82' lang='lat' dir='ltr'>autem</span> <span class='ocrx_word' id='word_1_171' title='bbox 1335 1599 1479 1663; x_wconf 89' lang='lat' dir='ltr'>perire</span> 
     </span>
     <span class='ocr_line' id='line_1_22' title="bbox 187 1670 1476 1736; baseline 0.002 -19"><span class='ocrx_word' id='word_1_172' title='bbox 187 1671 391 1729; x_wconf 81' lang='lat' dir='ltr'>timeam,</span> <span class='ocrx_word' id='word_1_173' title='bbox 421 1690 522 1719; x_wconf 90' lang='lat' dir='ltr'>cum</span> <span class='ocrx_word' id='word_1_174' title='bbox 555 1687 671 1721; x_wconf 87' lang='lat' dir='ltr'>terra</span> <span class='ocrx_word' id='word_1_175' title='bbox 699 1688 799 1721; x_wconf 87' lang='lat' dir='ltr'>ante</span> <span class='ocrx_word' id='word_1_176' title='bbox 825 1690 897 1720; x_wconf 91' lang='lat' dir='ltr'>me</span> <span class='ocrx_word' id='word_1_177' title='bbox 927 1686 1104 1735; x_wconf 87' lang='lat' dir='ltr'>pereat,</span> <span class='ocrx_word' id='word_1_178' title='bbox 1130 1688 1233 1719; x_wconf 86' lang='lat' dir='ltr'>cum</span> <span class='ocrx_word' id='word_1_179' title='bbox 1260 1670 1339 1718; x_wconf 88' lang='lat' dir='ltr'>ista</span> <span class='ocrx_word' id='word_1_180' title='bbox 1366 1689 1476 1736; x_wconf 67' lang='lat' dir='ltr'>qua²</span> 
     </span>
     <span class='ocr_line' id='line_1_23' title="bbox 187 1743 1479 1808; baseline 0.001 -18"><span class='ocrx_word' id='word_1_181' title='bbox 187 1743 350 1790; x_wconf 87' lang='lat' dir='ltr'>tiantur</span> <span class='ocrx_word' id='word_1_182' title='bbox 364 1761 475 1807; x_wconf 89' lang='lat' dir='ltr'>quae</span> <span class='ocrx_word' id='word_1_183' title='bbox 495 1747 710 1808; x_wconf 85' lang='lat' dir='ltr'>quatiunt,</span> <span class='ocrx_word' id='word_1_184' title='bbox 728 1761 772 1792; x_wconf 89' lang='lat' dir='ltr'>et</span> <span class='ocrx_word' id='word_1_185' title='bbox 792 1745 837 1791; x_wconf 90' lang='lat' dir='ltr'>in</span> <span class='ocrx_word' id='word_1_186' title='bbox 851 1744 1052 1792; x_wconf 87' lang='lat' dir='ltr'>iniuriam</span> <span class='ocrx_word' id='word_1_187' title='bbox 1072 1743 1262 1790; x_wconf 87' lang='lat' dir='ltr'>nostram</span> <span class='ocrx_word' id='word_1_188' title='bbox 1281 1760 1369 1799; x_wconf 82' lang='lat' dir='ltr'>non</span> <span class='ocrx_word' id='word_1_189' title='bbox 1392 1745 1479 1791; x_wconf 80' lang='lat' dir='ltr'>fine</span> 
     </span>
     <span class='ocr_line' id='line_1_24' title="bbox 187 1816 1478 1881; baseline 0 -17"><span class='ocrx_word' id='word_1_190' title='bbox 187 1817 260 1864; x_wconf 88' lang='lat' dir='ltr'>sua</span> <span class='ocrx_word' id='word_1_191' title='bbox 283 1816 501 1864; x_wconf 86' lang='lat' dir='ltr'>veniunt?</span> <span class='ocrx_word' id='word_1_192' title='bbox 535 1818 718 1866; x_wconf 87' lang='lat' dir='ltr'>Helicen</span> <span class='ocrx_word' id='word_1_193' title='bbox 745 1817 970 1881; x_wconf 89' lang='lat' dir='ltr'>Burinque</span> <span class='ocrx_word' id='word_1_194' title='bbox 997 1829 1110 1864; x_wconf 86' lang='lat' dir='ltr'>totas</span> <span class='ocrx_word' id='word_1_195' title='bbox 1137 1834 1255 1863; x_wconf 86' lang='lat' dir='ltr'>mare</span> <span class='ocrx_word' id='word_1_196' title='bbox 1276 1819 1444 1880; x_wconf 87' lang='lat' dir='ltr'>accepit</span> <span class='ocrx_word' id='word_1_197' title='bbox 1464 1836 1478 1864; x_wconf 74' lang='grc' dir='ltr'>ε</span> 
     </span>
     <span class='ocr_line' id='line_1_25' title="bbox 187 1890 1479 1954; baseline -0.001 -17"><span class='ocrx_word' id='word_1_198' title='bbox 187 1907 272 1954; x_wconf 85' lang='lat' dir='ltr'>ego</span> <span class='ocrx_word' id='word_1_199' title='bbox 295 1890 348 1936; x_wconf 93' lang='lat' dir='ltr'>de</span> <span class='ocrx_word' id='word_1_200' title='bbox 375 1906 467 1937; x_wconf 90' lang='lat' dir='ltr'>uno</span> <span class='ocrx_word' id='word_1_201' title='bbox 496 1892 762 1953; x_wconf 88' lang='lat' dir='ltr'>corpusculo</span> <span class='ocrx_word' id='word_1_202' title='bbox 794 1890 1007 1939; x_wconf 86' lang='lat' dir='ltr'>timeam?</span> <span class='ocrx_word' id='word_1_203' title='bbox 1043 1892 1181 1952; x_wconf 85' lang='lat' dir='ltr'>Supra</span> <span class='ocrx_word' id='word_1_204' title='bbox 1199 1891 1366 1953; x_wconf 85' lang='lat' dir='ltr'>oppida</span> <span class='ocrx_word' id='word_1_205' title='bbox 1385 1893 1479 1938; x_wconf 88' lang='lat' dir='ltr'>duo</span> 
     </span>
     <span class='ocr_line' id='line_1_26' title="bbox 193 1963 1478 2027; baseline 0.003 -20"><span class='ocrx_word' id='word_1_206' title='bbox 193 1963 429 2025; x_wconf 86' lang='lat' dir='ltr'>navigatur</span> <span class='ocrx_word' id='word_1_207' title='bbox 457 1980 467 2008; x_wconf 94' lang='lat'><strong>:</strong></span> <span class='ocrx_word' id='word_1_208' title='bbox 501 1963 590 2009; x_wconf 91' lang='lat' dir='ltr'>duo</span> <span class='ocrx_word' id='word_1_209' title='bbox 629 1978 776 2010; x_wconf 84' lang='lat' dir='ltr'>autem</span> <span class='ocrx_word' id='word_1_210' title='bbox 797 1999 811 2020; x_wconf 89' lang='lat'><em>‚</em></span> <span class='ocrx_word' id='word_1_211' title='bbox 848 1981 959 2027; x_wconf 90' lang='lat' dir='ltr'>quae</span> <span class='ocrx_word' id='word_1_212' title='bbox 996 1965 1208 2013; x_wconf 86' lang='lat' dir='ltr'>novimus</span> <span class='ocrx_word' id='word_1_213' title='bbox 1232 2000 1246 2021; x_wconf 92' lang='lat'>,</span> <span class='ocrx_word' id='word_1_214' title='bbox 1281 1981 1393 2027; x_wconf 87' lang='lat' dir='ltr'>quae</span> <span class='ocrx_word' id='word_1_215' title='bbox 1429 1965 1478 2011; x_wconf 81' lang='lat' dir='ltr'>in</span> 
     </span>
     <span class='ocr_line' id='line_1_27' title="bbox 191 2034 1477 2099; baseline 0.001 -19"><span class='ocrx_word' id='word_1_216' title='bbox 191 2034 383 2081; x_wconf 86' lang='lat' dir='ltr'>nostram</span> <span class='ocrx_word' id='word_1_217' title='bbox 412 2036 615 2082; x_wconf 83' lang='lat' dir='ltr'>notitiam</span> <span class='ocrx_word' id='word_1_218' title='bbox 645 2038 860 2084; x_wconf 86' lang='lat' dir='ltr'>memoria</span> <span class='ocrx_word' id='word_1_219' title='bbox 892 2037 1025 2085; x_wconf 86' lang='lat' dir='ltr'>literis</span> <span class='ocrx_word' id='word_1_220' title='bbox 1054 2037 1220 2084; x_wconf 89' lang='lat' dir='ltr'>servata</span> <span class='ocrx_word' id='word_1_221' title='bbox 1256 2036 1477 2099; x_wconf 80' lang='lat' dir='ltr'>perduxit.</span> 
     </span>
     <span class='ocr_line' id='line_1_28' title="bbox 192 2109 1477 2174; baseline 0.003 -21"><span class='ocrx_word' id='word_1_222' title='bbox 192 2110 343 2168; x_wconf 84' lang='lat' dir='ltr'>Quam</span> <span class='ocrx_word' id='word_1_223' title='bbox 364 2109 497 2154; x_wconf 89' lang='lat' dir='ltr'>multa</span> <span class='ocrx_word' id='word_1_224' title='bbox 516 2110 598 2156; x_wconf 84' lang='lat' dir='ltr'>alia</span> <span class='ocrx_word' id='word_1_225' title='bbox 614 2111 706 2157; x_wconf 89' lang='lat' dir='ltr'>aliis</span> <span class='ocrx_word' id='word_1_226' title='bbox 725 2111 833 2159; x_wconf 87' lang='lat' dir='ltr'>locis</span> <span class='ocrx_word' id='word_1_227' title='bbox 852 2112 988 2158; x_wconf 86' lang='lat' dir='ltr'>mersa</span> <span class='ocrx_word' id='word_1_228' title='bbox 1006 2112 1130 2158; x_wconf 83' lang='lat' dir='ltr'>sunt?</span> <span class='ocrx_word' id='word_1_229' title='bbox 1158 2122 1267 2174; x_wconf 89' lang='lat' dir='ltr'>quot</span> <span class='ocrx_word' id='word_1_230' title='bbox 1285 2109 1477 2172; x_wconf 84' lang='lat' dir='ltr'>populos</span> 
     </span>
     <span class='ocr_line' id='line_1_29' title="bbox 192 2179 1473 2246; baseline 0.002 -20"><span class='ocrx_word' id='word_1_231' title='bbox 192 2195 266 2226; x_wconf 87' lang='lat' dir='ltr'>aut</span> <span class='ocrx_word' id='word_1_232' title='bbox 286 2194 399 2225; x_wconf 88' lang='lat' dir='ltr'>terra</span> <span class='ocrx_word' id='word_1_233' title='bbox 420 2180 465 2225; x_wconf 91' lang='lat' dir='ltr'>in</span> <span class='ocrx_word' id='word_1_234' title='bbox 485 2179 525 2226; x_wconf 93' lang='lat' dir='ltr'>se</span> <span class='ocrx_word' id='word_1_235' title='bbox 541 2216 554 2238; x_wconf 94' lang='lat'>,</span> <span class='ocrx_word' id='word_1_236' title='bbox 585 2193 657 2227; x_wconf 89' lang='lat' dir='ltr'>aut</span> <span class='ocrx_word' id='word_1_237' title='bbox 678 2200 797 2229; x_wconf 88' lang='lat' dir='ltr'>mare</span> <span class='ocrx_word' id='word_1_238' title='bbox 825 2183 1026 2230; x_wconf 74' lang='lat' dir='ltr'>inclusit?</span> <span class='ocrx_word' id='word_1_239' title='bbox 1055 2185 1150 2246; x_wconf 83' lang='lat' dir='ltr'>Ego</span> <span class='ocrx_word' id='word_1_240' title='bbox 1171 2182 1362 2229; x_wconf 88' lang='lat' dir='ltr'>recusem</span> <span class='ocrx_word' id='word_1_241' title='bbox 1386 2182 1473 2229; x_wconf 78' lang='lat' dir='ltr'>mei</span> 
     </span>
     <span class='ocr_line' id='line_1_30' title="bbox 174 2242 1473 2309; baseline 0.001 -11"><span class='ocrx_word' id='word_1_242' title='bbox 174 2242 322 2298; x_wconf 47' lang='lat' dir='ltr'>&#39;finem</span> <span class='ocrx_word' id='word_1_243' title='bbox 336 2287 350 2309; x_wconf 94' lang='lat'>‚</span> <span class='ocrx_word' id='word_1_244' title='bbox 375 2268 477 2298; x_wconf 89' lang='lat' dir='ltr'>cum</span> <span class='ocrx_word' id='word_1_245' title='bbox 498 2251 626 2299; x_wconf 85' lang='lat' dir='ltr'>sciam</span> <span class='ocrx_word' id='word_1_246' title='bbox 647 2271 716 2300; x_wconf 88' lang='lat' dir='ltr'>me</span> <span class='ocrx_word' id='word_1_247' title='bbox 737 2255 824 2301; x_wconf 87' lang='lat' dir='ltr'>fine</span> <span class='ocrx_word' id='word_1_248' title='bbox 845 2254 932 2301; x_wconf 88' lang='lat' dir='ltr'>fine</span> <span class='ocrx_word' id='word_1_249' title='bbox 957 2271 1048 2300; x_wconf 90' lang='lat' dir='ltr'>non</span> <span class='ocrx_word' id='word_1_250' title='bbox 1072 2254 1192 2302; x_wconf 83' lang='lat' dir='ltr'>effe?</span> <span class='ocrx_word' id='word_1_251' title='bbox 1211 2254 1351 2300; x_wconf 86' lang='lat' dir='ltr'>immo</span> <span class='ocrx_word' id='word_1_252' title='bbox 1372 2270 1473 2300; x_wconf 81' lang='lat' dir='ltr'>curn</span> 
     </span>
    </p>
   </div>
   <div class='ocr_carea' id='block_1_3' title="bbox 191 2325 1472 2392">
    <p class='ocr_par' dir='ltr' id='par_1_3' title="bbox 191 2325 1472 2392">
     <span class='ocr_line' id='line_1_31' title="bbox 191 2325 1472 2392; baseline -0.002 -19"><span class='ocrx_word' id='word_1_253' title='bbox 191 2325 322 2373; x_wconf 89' lang='lat' dir='ltr'>sciam</span> <span class='ocrx_word' id='word_1_254' title='bbox 346 2326 495 2372; x_wconf 90' lang='lat' dir='ltr'>omnia</span> <span class='ocrx_word' id='word_1_255' title='bbox 512 2327 596 2374; x_wconf 81' lang='lat' dir='ltr'>effe</span> <span class='ocrx_word' id='word_1_256' title='bbox 622 2327 774 2374; x_wconf 81' lang='lat' dir='ltr'>finita?</span> <span class='ocrx_word' id='word_1_257' title='bbox 818 2331 914 2392; x_wconf 86' lang='lat' dir='ltr'>Ego</span> <span class='ocrx_word' id='word_1_258' title='bbox 935 2328 1139 2375; x_wconf 85' lang='lat' dir='ltr'>ultimum</span> <span class='ocrx_word' id='word_1_259' title='bbox 1162 2328 1386 2390; x_wconf 85' lang='lat' dir='ltr'>suspirium</span> <span class='ocrx_word' id='word_1_260' title='bbox 1416 2326 1472 2372; x_wconf 84' lang='lat' dir='ltr'>ti-</span> 
     </span>
    </p>
   </div>
   <div class='ocr_carea' id='block_1_4' title="bbox 194 2399 1478 2536">
    <p class='ocr_par' dir='ltr' id='par_1_4' title="bbox 194 2399 1478 2536">
     <span class='ocr_line' id='line_1_32' title="bbox 194 2399 1478 2466; baseline -0.001 -19"><span class='ocrx_word' id='word_1_261' title='bbox 194 2399 371 2447; x_wconf 81' lang='lat' dir='ltr'>meam?</span> <span class='ocrx_word' id='word_1_262' title='bbox 414 2401 642 2461; x_wconf 80' lang='lat' dir='ltr'>Quantum</span> <span class='ocrx_word' id='word_1_263' title='bbox 675 2414 802 2465; x_wconf 87' lang='lat' dir='ltr'>potes</span> <span class='ocrx_word' id='word_1_264' title='bbox 830 2401 974 2466; x_wconf 84' lang='lat' dir='ltr'>itaque</span> <span class='ocrx_word' id='word_1_265' title='bbox 1010 2402 1099 2465; x_wconf 90' lang='lat' dir='ltr'>ipse</span> <span class='ocrx_word' id='word_1_266' title='bbox 1132 2414 1175 2448; x_wconf 87' lang='lat' dir='ltr'>te</span> <span class='ocrx_word' id='word_1_267' title='bbox 1208 2401 1478 2459; x_wconf 67' lang='lat' dir='ltr'>cohortare,</span> 
     </span>
     <span class='ocr_line' id='line_1_33' title="bbox 533 2476 1216 2536; baseline 0 -47"><span class='ocrx_word' id='word_1_268' title='bbox 533 2485 538 2489; x_wconf 89' lang='lat'>.</span> <span class='ocrx_word' id='word_1_269' title='bbox 1108 2476 1149 2521; x_wconf 78' lang='lat' dir='ltr'>Y</span> <span class='ocrx_word' id='word_1_270' title='bbox 1181 2493 1216 2536; x_wconf 79' lang='lat'>4</span> 
     </span>
    </p>
   </div>
  </div>
 </body>
</html>
