1730 2870
322 103 578 154 NATUR.
629 104 929 166 QUAEST.
979 106 1094 153 Ltss.
1131 109 1203 155 ΠΙ.
1312 127 1398 177 255
1442 167 1446 170 ¹

131 209 342 258 Fabianus
366 210 436 257 est.
485 209 633 255 Primo
671 209 903 257 immodici
945 213 1103 259 cadunt
1138 212 1330 272 imbres,
1360 231 1404 263 et

129 284 216 331 sine
245 284 339 330 ullis
368 283 525 330 solibus
556 282 674 330 triste
710 285 862 330 nubilo
893 285 1065 332 coelum
1099 285 1188 339 est3
1220 288 1403 334 nebula-

129 373 216 420 que
246 355 478 413 continua,
511 365 555 400 et
580 371 633 401 ex
661 355 844 402 humido
877 356 999 418 spiffa
1029 356 1212 420 caligine
1230 394 1246 415 ,
1290 376 1406 406 nun-

129 444 259 490 quam
287 426 596 473 exficcantibus
615 427 771 474 ventis.
801 428 905 474 Inde
935 427 1091 474 vitium
1123 430 1244 487 satis,
1275 446 1318 478 et
1340 431 1409 479 se·

85 500 88 502 ’
130 510 276 561 gerum
297 496 384 542 fine
409 496 531 560 fruge
556 496 817 560 surgentium
840 514 1031 545 marcor.
1066 500 1196 547 Tunc
1217 517 1407 564 corrup-

128 571 183 616 tis
217 585 329 632 quae
357 569 553 616 seruntur
584 585 744 625 manu,
783 569 977 631 palustris
1004 571 1208 618 omnibus
1244 574 1411 636 campis

129 641 263 687 herba
284 641 510 689 succrescit
529 659 541 688 ε
567 658 676 688 mox
694 641 896 688 iniuriam
919 654 961 688 et
983 643 1196 689 validiora
1225 644 1408 693 sensere.

127 713 286 760 Solutis
314 713 476 776 quippe
504 713 744 770 radicibus,
764 713 932 761 arbusta
950 716 1249 776 procumbunt
1276 729 1317 763 et
1338 718 1409 765 vi-

129 786 213 841 tis;
236 801 366 847 atque
398 802 532 832 omne
553 785 794 848 virgultum
824 803 921 833 non
942 799 1114 834 tenetur
1141 787 1236 833 solo
1254 824 1266 846 ,
1285 790 1409 851 quod

129 859 262 905 molle
287 858 559 922 fluidumque
587 859 680 906 est:
715 860 799 907 iam
827 877 907 906 nec
934 860 1128 923 gramina
1153 875 1226 907 aut
1258 862 1414 923 pabula

128 935 234 980 laeta
253 934 376 996 aquis
399 933 597 991 sustinet,
616 933 732 981 fame
760 935 1000 992 laboratur,
1025 947 1068 980 et
1087 951 1236 980 manus
1263 936 1315 981 ad
1334 952 1416 982 an-

131 1007 253 1069 tiqua
278 1006 478 1052 alimenta
499 1005 769 1069 porrigitur3
799 1023 930 1069 quare
959 1007 1044 1052 ilex
1063 1020 1107 1052 et
1133 1024 1316 1070 quercus
1336 1026 1414 1056 ex·-

131 1081 321 1138 cutitur,
341 1095 384 1126 et
406 1096 692 1142 quaecunque
716 1081 761 1126 in
786 1081 854 1127 his
881 1080 1024 1127 arduis
1050 1082 1182 1128 arbor
1207 1083 1414 1131 commis-

127 1153 221 1200 sura
239 1152 404 1198 astrista
431 1153 624 1215 lapidum
650 1152 779 1199 stetit.
819 1154 984 1200 Labant
1010 1170 1059 1201 ac
1085 1155 1258 1201 madent
1278 1157 1412 1216 testa,

128 1238 171 1271 et
200 1227 245 1270 in
274 1226 411 1271 imum
444 1226 579 1289 usque
607 1226 791 1288 receptis
817 1227 940 1290 aquis
973 1226 1255 1276 fundamenta
1292 1230 1408 1276 defi-

125 1301 256 1355 dunt‚
278 1315 327 1346 ac
354 1312 447 1346 tota
467 1299 624 1345 humus
643 1298 836 1361 stagnat,
856 1297 1007 1343 frustra
1031 1297 1308 1345 titubantium
1324 1300 1408 1346 ful-

127 1389 202 1418 cra
227 1384 458 1419 tentantur.
493 1374 642 1419 Omne
670 1372 788 1418 enim
818 1371 1146 1419 fundamentum
1174 1373 1218 1419 in
1240 1373 1412 1423 lubrico

129 1444 310 1507 figitur,
341 1456 385 1491 et
415 1444 554 1491 lutosa
586 1446 725 1490 humo
758 1445 862 1490 nihil
892 1444 1038 1491 stabile
1071 1445 1142 1491 est.
1176 1446 1413 1510 Postquam

126 1517 264 1580 magis
293 1517 514 1581 magisque
545 1516 683 1564 nimbi
710 1517 943 1581 ingruunt,
971 1528 1013 1563 et
1041 1517 1267 1581 congestae
1292 1519 1416 1567 secui

124 1591 176 1638 lis
196 1590 426 1651 tabuerunt
444 1591 590 1649 nives,
609 1591 845 1639 devolutus
864 1606 1035 1638 torrens
1059 1590 1264 1638 altisfimis
1283 1602 1417 1638 mon-⁴

127 1666 240 1712 tibus
274 1667 386 1728 rapit
424 1665 548 1713 filvas
577 1666 688 1712 male
720 1665 973 1723 haerentes,
1000 1675 1044 1710 et
1072 1664 1170 1711 saxa
1198 1666 1412 1715 revolutis

126 1735 295 1783 remiffa
322 1736 606 1798 compagibus
632 1748 757 1782 rotat.
789 1736 940 1782 Abluit
959 1735 1110 1794 villas,
1131 1749 1176 1791 et
1193 1736 1414 1785 intermisi-⁶

127 1822 198 1856 tos
228 1808 383 1854 ovium
406 1824 558 1871 greges
577 1808 784 1863 devehit;
814 1808 1029 1870 vulfisque
1053 1807 1295 1857 minoribus
1322 1823 1414 1857 tec-

127 1883 180 1930 tis
195 1919 208 1941 ,
236 1900 345 1946 quae
366 1883 410 1928 in
430 1883 602 1930 transitu
629 1883 838 1942 abduxit,
858 1885 1031 1930 tandem
1059 1883 1103 1928 in
1125 1884 1293 1930 maiora
1313 1884 1414 1930 vio-

128 1955 270 2002 lentus
300 1956 486 2002 oberrat.
519 1956 689 2013 Urbes,
711 1969 752 2002 et
778 1957 1013 2019 implicitos
1032 1956 1161 2003 trahit
1184 1957 1415 2005 moenibus

129 2026 212 2073 suis
233 2027 426 2089 populos
443 2058 457 2082 ‚
486 2026 652 2073 ruinam
680 2044 734 2073 an
758 2027 1031 2092 naufragium
1056 2042 1290 2090 querantur
1305 2061 1318 2084 ,
1340 2031 1412 2076 in·-

129 2111 304 2145 certos:
337 2100 450 2145 adeo
476 2098 629 2157 fimul,
657 2112 700 2146 et
729 2101 853 2163 quod
887 2101 1156 2164 opprimeret
1174 2137 1187 2159 ‚
1215 2114 1258 2148 et
1287 2101 1412 2163 quod

126 2185 346 2232 mergeret
363 2206 376 2228 ,
409 2171 542 2217 venit.
585 2174 752 2219 Aufius
777 2173 935 2220 deinde
967 2173 1169 2235 processu
1192 2175 1341 2234 aliquo
1366 2175 1414 2220 in

127 2241 171 2288 se
196 2242 462 2289 torrentibus
486 2243 617 2305 raptis
640 2245 766 2306 plana
795 2245 942 2306 paffim
965 2243 1212 2307 populatur.
1249 2245 1414 2292 Novis-

125 2313 231 2360 fime
254 2315 379 2360 ruina
399 2332 550 2378 magna
572 2317 763 2379 gentium
791 2317 928 2362 clarus
954 2315 1218 2379 onustusque
1246 2317 1410 2363 diffun-

126 2387 257 2438 ditur.
275 2389 469 2438 Flumina
485 2407 596 2441 vero
615 2390 760 2454 suapte
779 2403 930 2438 natura
949 2387 1065 2439 vasta
1079 2424 1093 2450 ‚
1110 2401 1154 2436 et
1171 2389 1405 2452 tempesta-3
