1730 2870
564 169 1137 217 EPISTOLAE.
1461 176 1483 230 ς

203 280 281 328 se:
313 277 538 343 apparuit,
571 278 659 324 fine
686 276 898 324 adulterio
935 288 1074 322 tutum
1110 272 1196 321 esse
1226 288 1316 319 non
1350 272 1489 336 pofl‘e.

208 356 310 403 Hoc
338 354 451 401 inter
484 351 742 415 Pompeium
774 363 816 396 et
851 350 1080 396 Caesarem
1102 381 1115 404 ‚
1153 348 1264 394 inter
1300 346 1490 393 Cicero·-

208 446 309 475 nem
350 428 658 491 Catonemque
689 425 966 474 commissum
1000 423 1061 470 est
1093 441 1104 469 ε
1140 423 1388 475 Catonem,
1425 420 1489 466 in·

210 517 371 562 quam,
397 500 516 547 illum
533 535 546 556 ‚
573 516 664 562 quo
696 500 869 545 sedente
897 508 1078 560 negatur
1103 494 1294 558 populus
1322 490 1490 553 permi-

204 571 298 618 fiffe
330 571 405 618 sibi
443 571 656 635 postulare
690 569 874 617 Florales
907 568 1035 616 iocos
1066 566 1364 614 nudandarum
1396 580 1490 608 me-

206 644 428 691 retricum.
461 644 618 690 Credis
654 642 857 705 spefihzffe
897 652 1000 687 tunc
1031 639 1216 687 severius
1253 636 1490 691 homines,

206 733 336 779 quam
356 716 589 763 iudicasse?
615 718 666 761 Et
689 714 795 762 fient
812 750 825 771 ‚
845 729 887 760 et
904 712 1011 759 faeta
1032 712 1126 759 sunt
1151 709 1227 757 ista
1248 727 1258 756 t
1289 721 1332 756 et
1351 709 1489 756 licen-

206 790 265 834 tia
285 788 457 835 urbium
474 825 485 846 ‚
507 788 751 852 aliquando
766 787 987 850 disciplina
1012 800 1245 849 metuque,
1266 797 1489 845 nunquam

206 857 360 920 sponte
383 861 587 907 confidet.
616 861 720 906 Non
748 860 810 907 est
839 860 987 923 itaque
1016 858 1137 922 quod
1166 856 1340 911 credas,
1368 869 1486 900 nunc

205 930 443 992 plurimum
471 931 638 977 libidini
662 931 910 993 permissum
932 930 1037 988 effe,
1058 930 1221 993 legibus
1239 926 1488 973 minimum.

206 1005 360 1066 Longe
399 1003 515 1050 enim
554 1002 767 1066 frugalior
804 1004 910 1050 haec
947 1003 1182 1058 iuventus,
1219 1015 1348 1063 quam
1388 997 1489 1055 illa,

204 1075 288 1132 est,
319 1093 417 1122 cum
442 1092 540 1122 reus
565 1077 826 1122 adulterium
855 1076 971 1139 apud
1000 1075 1164 1122 iudices
1185 1083 1385 1136 negaret,
1413 1071 1485 1117 iu-

205 1149 321 1195 dices
345 1150 458 1210 apud
486 1166 608 1196 reum
639 1148 954 1196 confiterentur
975 1165 986 1193 τ
1007 1164 1112 1195 cum
1138 1146 1329 1208 stuprum
1356 1160 1484 1189 com-

205 1221 447 1268 mitteretur
471 1223 532 1268 rei
555 1223 808 1269 iudicandae
827 1221 952 1268 causa
972 1238 982 1265 ε
1006 1236 1105 1267 cum
1125 1218 1309 1264 Clodius
1331 1216 1484 1263 iisdem

200 1294 318 1341 ,vitiis
353 1294 562 1357 gratiosus
595 1296 756 1358 quibus
786 1310 980 1351 nocens,
1012 1291 1316 1339 conciliaturas
1348 1306 1478 1335 exer-

203 1380 323 1414 ceret
343 1367 387 1412 in
413 1368 500 1429 ipsa
526 1367 672 1413 causae
695 1367 898 1414 diffione.
921 1365 1085 1411 Credat
1108 1364 1194 1409 hoc
1215 1362 1477 1427 quisquam?

203 1441 280 1503 qui
310 1441 596 1486 damnabatur
626 1457 717 1487 uno
752 1439 992 1494 adulterio,
1027 1437 1243 1483 absolutus
1274 1435 1336 1482 est
1360 1434 1480 1481 mul-

202 1515 270 1559 tis.
302 1516 449 1559 Omne
470 1525 642 1576 tempus
668 1513 885 1569 Clodios,
911 1527 1001 1557 non
1027 1527 1162 1555 omne
1193 1510 1386 1555 Catones
1414 1507 1481 1554 fe-

202 1599 280 1632 ret.
323 1586 394 1632 Ad
421 1587 635 1633 deteriora
666 1586 812 1634 faciles
837 1586 1010 1632 sumus:
1041 1583 1143 1647 quia
1172 1599 1252 1629 nec
1278 1582 1368 1628 dux
1394 1598 1480 1643 po-

203 1661 308 1717 test,
333 1677 410 1706 nec
437 1677 585 1706 comes
611 1660 749 1706 deeffe
774 1678 785 1707 :
812 1673 854 1706 et
877 1676 943 1706 res
962 1658 1093 1705 etiam
1114 1658 1204 1720 ipsa
1233 1656 1320 1702 fine
1342 1658 1482 1710 duce,

202 1733 289 1778 sine
320 1733 483 1779 comite
520 1734 754 1797 procedit:
787 1750 876 1780 non
905 1749 1097 1795 pronum
1131 1731 1191 1777 est
1218 1741 1384 1776 tantum
1420 1729 1476 1774 ad

202 1805 332 1859 vitia,
358 1805 430 1850 sed
461 1821 680 1867 praeceps.
708 1807 786 1863 Et,
811 1805 931 1868 quod
965 1804 1196 1866 plerosqne
1218 1801 1476 1847 inemenda-

202 1876 308 1921 biles
335 1875 459 1926 facit,
491 1876 691 1921 omnium
728 1877 908 1922 aliarum
938 1876 1094 1921 artium
1132 1887 1308 1936 peccata
1337 1870 1479 1918 artifi-

203 1949 323 1993 cibus
357 1948 517 2011 pudori
553 1948 676 2003 sunt,
706 1947 1025 2010 offenduntque
1055 1947 1325 1992 deerrantem
1356 1961 1368 1989 :
1412 1944 1482 1988 vi-

202 2035 270 2067 tae
299 2035 473 2082 peccata
494 2020 722 2066 delectant.
744 2022 848 2066 Non
875 2021 1031 2083 gaudet
1056 2019 1233 2081 navigio
1262 2017 1478 2080 guberna-

201 2106 272 2140 tor
304 2095 486 2150 everso,
517 2111 607 2140 non
641 2095 800 2157 gaudet
825 2111 957 2158 aegro
986 2094 1183 2139 medicus
1212 2092 1328 2137 elato
1347 2126 1360 2148 ,
1387 2106 1479 2135 non

201 2169 360 2230 gaudet
390 2184 541 2214 orator
557 2204 570 2223 ,
587 2169 615 2213 fi
639 2169 810 2231 patroni
835 2171 959 2230 culpa
986 2184 1085 2214 reus
1109 2166 1266 2213 cecidit
1285 2182 1295 2209 :
1316 2177 1358 2211 at
1375 2181 1480 2211 con-

200 2258 288 2298 tra,
313 2244 518 2291 omnibus
547 2244 711 2289 crimen
748 2243 867 2290 suum
906 2241 1127 2304 voluptati
1156 2240 1230 2288 est.
1274 2242 1477 2286 Laetatur

201 2316 271 2363 ille
302 2316 544 2372 adulterio,
572 2316 617 2362 in
644 2317 765 2379 quod
787 2316 973 2364 irritatus
999 2315 1060 2362 est
1080 2314 1168 2377 ipsa
1193 2314 1475 2361 difficultate:

201 2390 384 2435 laetatur
410 2389 478 2435 ille
500 2389 902 2452 circumscriptione
926 2389 1136 2452 furtoque
1156 2406 1167 2435 t
1195 2406 1276 2435 nec
1299 2400 1395 2434 ante
1417 2388 1477 2434 illi

202 2462 329 2524 culpa
343 2497 358 2520 ,
378 2478 508 2526 quam
528 2462 680 2525 culpae
696 2460 874 2511 fortuna
894 2461 1122 2526 displicuit.
1146 2461 1193 2506 Id
1212 2477 1347 2523 prava
1366 2476 1478 2507 com·

1119 2537 1159 2581 A
1192 2550 1223 2598 3-
