1730 2870
244 81 339 122 422
507 69 543 113 E
598 71 858 139 manis
919 54 1272 123 SENECAE

243 170 388 215 culum
420 184 626 218 teneant:
654 173 751 220 funt
781 192 894 237 quae
925 178 979 223 ad
1012 178 1265 225 vadimonia
1298 180 1367 239 sua
1416 181 1524 228 ἄρα,

241 243 465 288 advocent
483 261 494 288 ε
514 244 612 290 sunt
632 247 705 308 qui
724 247 895 294 libellos
925 249 1133 306 offerant,
1154 264 1196 297 et
1230 252 1327 298 illos
1352 254 1522 300 causam

242 314 359 361 suam
380 317 580 363 doceant.
594 320 771 366 Doctus
787 321 1080 371 Archimimus
1094 360 1107 382 ‚
1127 324 1256 372 senex
1276 327 1360 372 iam
1378 328 1525 374 decre-

242 387 377 450 pitus,
401 392 599 452 quotidie
618 393 662 437 in
681 394 909 455 Capitolio
923 396 1106 443 mimum
1126 400 1277 462 agebat
1291 435 1307 457 ,
1321 399 1438 463 quali
1463 401 1524 446 dii

242 462 429 507 libenter
449 463 688 525 spectarent
710 502 722 523 ,
743 483 874 530 quem
895 469 1097 517 homines
1123 472 1346 519 desierant.
1376 477 1526 520 Omne

243 535 331 582 illic
351 535 567 583 artificum
588 556 723 601 genus
741 575 754 596 ‚
775 542 1050 602 operantium
1071 544 1153 591 diis
1175 545 1492 592 immortalibus
1511 580 1526 602 ‚

244 609 419 657 desidet.
461 613 515 658 Et
545 613 677 673 paulo
711 614 838 676 post:
873 615 931 661 Hi
962 628 1135 676 tamen,
1165 619 1338 681 inquit,
1363 618 1527 666 etiamfi

194 674 195 677 Ἴ
244 681 560 743 supervacuum
579 686 702 731 usum
718 723 731 744 ,
754 703 844 733 non
869 700 1043 750 turpem
1063 707 1144 736 nec
1159 690 1367 738 infamem
1388 693 1493 738 Deo
1511 726 1528 748 ,

244 755 522 815 promittunt.
553 758 699 805 sedent
724 760 938 823 quaedam
963 762 1008 807 in
1026 763 1279 825 Capitolio,
1299 780 1411 826 quae
1436 764 1475 809 se
1501 780 1526 808 a

245 830 354 875 Iove
383 830 518 875 amari
543 844 722 892 putant:
750 851 830 881 nec
860 836 1038 882 lunonis
1057 837 1261 898 quidem,
1287 838 1318 883 fi
1351 838 1528 884 credere
1590 898 1591 901 Ἴ

243 901 388 961 po'e'tis
405 903 512 949 velis
528 939 542 960 ‚
573 903 920 953 iracundissimae
937 907 1131 970 respectu
1156 921 1385 956 terrentur.
1401 910 1528 954 Hanc

243 971 486 1020 libertatem
509 978 652 1022 Varro
672 994 761 1022 non
782 978 957 1036 habuit,
978 982 1288 1026 tantummodo
1307 982 1527 1043 poeticam

244 1045 515 1110 theologiam
535 1049 852 1111 reprehendere
872 1049 996 1096 ausus
1013 1050 1073 1096 est
1088 1087 1102 1108 ‚
1124 1051 1301 1098 civilem
1331 1069 1425 1098 non
1447 1068 1528 1096 au-

247 1118 317 1166 sus
335 1121 396 1166 est
412 1157 425 1176 ‚
453 1139 582 1185 quam
603 1122 678 1169 iste
697 1123 908 1170 concidit.
919 1124 1002 1170 Sed
1020 1124 1050 1169 fi
1063 1141 1219 1171 verum
1233 1125 1501 1172 attendamus
1516 1163 1532 1184 ‚

243 1192 460 1241 deteriora
476 1197 573 1247 sunt
599 1198 761 1260 templa
774 1233 787 1253 ‚
807 1198 880 1244 ubi
900 1198 1005 1245 haec
1021 1213 1229 1261 aguntur,
1254 1216 1385 1262 quam
1405 1200 1529 1247 thea-

246 1277 331 1322 tra,
350 1269 424 1314 ubi
445 1269 679 1333 finguntur.
702 1271 830 1318 Unde
845 1271 890 1316 in
906 1271 972 1317 his
983 1272 1108 1318 sacris
1123 1272 1263 1319 civilis
1281 1272 1533 1335 theologiae

245 1342 321 1390 has
342 1358 486 1407 partes
502 1346 650 1409 potius
667 1346 796 1409 elegit
812 1348 972 1393 Seneca
991 1346 1170 1408 sapienti
1187 1382 1200 1403 ‚
1220 1360 1268 1392 ut
1283 1363 1354 1393 eas
1373 1346 1417 1391 in
1439 1344 1532 1389 ani-

246 1418 309 1463 mi
337 1418 547 1481 religione
586 1437 673 1466 non
703 1420 881 1476 habeat,
902 1419 974 1465 sed
1012 1420 1056 1464 in
1084 1419 1247 1465 actibus
1283 1417 1428 1480 fingat.
1459 1417 1532 1464 Ait

248 1490 366 1537 enim
388 1511 399 1538 :
423 1495 550 1553 Quae
568 1494 716 1539 omnia
739 1494 905 1555 sapiens
926 1493 1115 1539 servabit
1139 1506 1341 1555 tanquam
1360 1491 1530 1555 legibus

245 1563 379 1622 inffa,
409 1583 499 1611 non
530 1579 736 1628 tanquam
762 1567 844 1612 diis
870 1578 1000 1628 grata.
1029 1568 1082 1612 Et
1102 1566 1234 1627 paulo
1266 1563 1387 1627 post:
1412 1564 1534 1624 Quid

249 1640 372 1701 quod
390 1651 431 1685 et
448 1640 752 1697 matrimonia,
769 1640 936 1701 inquit,
953 1639 1139 1685 deorum
1159 1638 1376 1701 iungimus
1389 1673 1401 1692 ‚
1419 1652 1462 1683 et
1479 1654 1533 1683 ne

247 1712 320 1773 pie
341 1712 547 1774 quidem,
576 1713 756 1759 fratrum
788 1713 951 1760 scilicet
981 1725 1024 1759 et
1042 1711 1280 1758 sororum?
1306 1712 1531 1758 Bellonam

249 1787 382 1831 Marti
408 1787 677 1834 collocamus
699 1804 710 1832 :
738 1787 938 1833 Vulcano
959 1789 1203 1834 Venerem:
1226 1787 1438 1848 Neptuno
1459 1786 1535 1830 Sa-

249 1856 401 1903 laciam
423 1859 661 1922 :quosdam
697 1871 841 1904 tamen
874 1858 1063 1906 coelibes
1090 1858 1396 1922 relinquimus,
1416 1857 1533 1920 quasi

249 1931 451 1978 conditio
469 1932 679 1979 defecerit
700 1951 710 1978 :
732 1932 982 1996 praesertim
1011 1949 1112 1979 cum
1141 1932 1353 1996 quaedam
1374 1932 1531 1978 viduae

251 2005 357 2064 tint,
375 2020 422 2054 ut
456 2008 727 2071 Populonia,
756 2009 826 2055 vel
853 2008 1041 2071 Fulgora
1064 2043 1077 2064 ,
1100 2020 1142 2053 et
1172 2007 1275 2053 diva
1310 2006 1498 2051 Rumina
1517 2043 1533 2063 ‚

251 2081 409 2143 quibus
429 2098 520 2128 non
548 2081 687 2128 miror
716 2081 950 2143 petitorem
973 2080 1164 2127 defuiffe.
1190 2081 1383 2125 Omnem
1411 2078 1532 2124 istam

253 2157 490 2220 ignobilem
515 2158 701 2204 deorum
721 2157 890 2203 turbam
911 2192 924 2213 ,
951 2172 1084 2218 quam
1103 2155 1238 2215 longo
1257 2168 1372 2198 aevo
1402 2151 1533 2213 longa

254 2229 501 2291 superstitio
514 2229 742 2294 congeffit‚
764 2230 848 2287 fic,
870 2228 1031 2291 inquit,
1055 2227 1362 2280 adorabimus,
1385 2237 1535 2270 utme-

256 2304 513 2350 minerimus
531 2341 545 2361 ‚
563 2306 727 2351 cultum
755 2304 845 2350 eius
867 2303 1001 2366 magis
1021 2302 1075 2347 ad
1104 2317 1273 2346 morem
1290 2332 1306 2354 ‚
1326 2316 1455 2362 quam
1482 2298 1536 2344 ad

255 2392 347 2424 rem
368 2377 599 2440 pertinere.
617 2378 713 2424 Nec
732 2376 846 2438 leges
875 2390 984 2438 ergo
1004 2373 1099 2420 illae
1114 2408 1130 2431 ‚
1152 2389 1233 2419 nec
1263 2387 1377 2429 mos,
1400 2370 1444 2416 in
1471 2370 1535 2416 ci-
