1730 2870
552 188 1129 235 EPISTOLAE.
1419 202 1471 246 ,ς

207 313 298 344 non
321 308 368 344 ut
398 294 470 342 ille
501 295 686 358 placeret
711 295 804 342 tibi.
844 295 910 340 Ad
935 293 1179 356 prestetum
1209 291 1356 340 omnia
1383 302 1480 339 ten}

207 370 344 427 dunt,
371 381 414 416 et
433 369 486 414 ad
514 369 673 414 bonam
702 380 916 414 mentem:
939 382 1029 412 non
1054 365 1275 429 quaeritur
1297 364 1484 428 plausuv-

206 443 330 490 Talia
357 442 442 490 effe
468 441 621 504 scripta
647 441 767 496 eius,
801 457 890 488 non
924 439 1107 497 dubim,
1138 437 1300 487 etiamsi
1342 438 1480 501 magis

205 513 461 560 reminiscor
496 529 626 575 quam
660 525 819 560 teneo:
852 512 1085 575 haeretque
1113 510 1220 556 mihi
1245 510 1371 560 color
1396 526 1479 556 eo-

204 603 301 632 rum
317 622 330 644 ‚
355 602 447 632 non
471 602 523 632 ex
547 585 710 632 recenti
734 584 1069 632 conversatione
1095 581 1383 640 familiariter,
1407 581 1478 628 sed

205 660 450 707 summatim
467 695 480 718 ‚
505 673 552 706 ut
574 659 679 706 solet
702 677 753 706 ex
774 671 921 707 vetere
947 656 1115 704 notitia.
1145 656 1262 702 Cum
1281 655 1477 701 audirem

206 745 322 780 certe
344 733 489 792 illum,
518 733 617 779 talia
642 733 748 778 mihi
768 732 1031 779 videbantur
1061 746 1072 775 ε
1098 744 1189 774 non
1208 727 1370 785 solida,
1407 727 1479 774 sed

205 805 356 867 plena,
386 822 496 867 quae
520 805 835 866 adolescentem
857 804 1018 850 indolis
1042 803 1184 850 bonae
1210 800 1480 859 attollerent,

203 890 246 925 et
272 878 324 924 ad
353 877 644 924 imitationem
680 876 740 923 sui
769 891 981 924 vocarent
999 912 1012 933 ‚
1059 876 1145 922 fine
1175 874 1477 937 desperatione

203 950 425 999 vincendi.
449 967 558 1014 quae
586 950 693 997 mihi
714 952 965 997 adhortatio
983 951 1158 998 videtur
1176 948 1478 996 efficaciffima.

204 1026 411 1073 Deterret
430 1025 569 1082 enim,
584 1025 658 1088 qui
677 1025 874 1081 imitandi
895 1024 1179 1086 cupiditatem
1196 1024 1335 1070 modo
1354 1023 1476 1078 fecit,

203 1100 321 1162 spem
340 1100 522 1147 abstulit.
541 1101 746 1147 Ceterum
769 1100 914 1147 verbis
938 1100 1211 1153 abundabat,
1236 1097 1321 1144 sine
1353 1114 1478 1145 com-

203 1172 489 1221 mendatione
503 1171 692 1237 partium
711 1170 970 1235 lingularum
983 1206 996 1229 ‚
1015 1171 1059 1217 in
1079 1167 1331 1217 universum
1351 1186 1476 1232 mag-

202 1247 374 1299 nificust

515 1358 991 1404 EPISTOLA
1075 1354 1164 1402 CL

201 1490 274 1536 De
295 1487 436 1546 subita
465 1501 589 1532 morte
614 1486 822 1546 cuiufilam
849 1487 971 1531 noti:
989 1481 1032 1530 6⁴
1055 1503 1108 1530 ex
1125 1483 1328 1548 occcfiorte
1340 1519 1353 1540 ,
1373 1486 1484 1530 nihil

246 1629 250 1633 ⁵
250 1569 466 1628 fidendum
501 1581 575 1612 aut
593 1566 886 1627 spondendum
918 1567 1053 1612 nobis.
1096 1567 1256 1612 Omnia
1286 1567 1437 1610 incerta
1453 1584 1476 1622 ;

264 1649 425 1707 ideoque
448 1647 538 1691 vita
564 1649 672 1692 bona
701 1665 784 1693 non
812 1645 1050 1709 dffzrefzdtz.
1076 1650 1201 1710 longa
1229 1663 1362 1692 autem
1389 1665 1474 1691 noaz

264 1731 475 1789 optanda:
490 1727 533 1775 ὃ·
551 1730 739 1792 exagitat
758 1730 1013 1775 M'czecenatis
1032 1731 1142 1791 turpi
1171 1748 1300 1774 mmm
1320 1743 1477 1775 votum.

206 1834 508 1953 OMNIS
550 1899 672 1958 dies,
701 1900 845 1949 omnis
876 1901 1017 1960 hora,
1050 1918 1180 1966 quam
1211 1901 1317 1948 nihil
1348 1902 1475 1948 simus

198 1973 409 2032 ostendit,
438 1986 480 2020 et
499 1974 647 2039 aliquo
672 1988 932 2040 argumento
957 1975 1120 2024 recenti
1150 1977 1359 2022 admonet
1385 1975 1475 2021 fra-

198 2046 372 2109 gilitatis
406 2048 596 2104 oblitos,
629 2065 729 2096 cum
768 2063 943 2097 aeterna
976 2049 1234 2097 meditantes
1265 2050 1478 2111 respicere

198 2119 318 2183 cogit
347 2120 402 2166 ad
420 2133 622 2167 mortem.
656 2122 781 2183 Quid
809 2122 884 2169 fibi
911 2122 1021 2170 istud
1044 2123 1308 2186 principium
1338 2123 1476 2178 velit,

198 2191 404 2253 quaeris?
443 2194 733 2242 Senecionem
767 2195 1055 2252 Cornelium,
1090 2196 1282 2258 equitem
1314 2197 1481 2242 Roma-

177 2282 303 2319 *Vnum
336 2266 608 2329 splendidum
634 2284 677 2316 et
705 2268 979 2327 officiosum,
1010 2286 1196 2317 noveras
1229 2287 1240 2315 z
1277 2285 1331 2315 ex
1363 2269 1482 2317 tenui

198 2338 421 2402 principio
441 2341 481 2387 se
501 2341 588 2404 ipse
612 2353 922 2404 promoverat,
939 2354 982 2390 et
1001 2343 1091 2392 iam
1111 2343 1171 2389 illi
1190 2342 1374 2389 declivis
1393 2353 1483 2388 erat

205 2411 353 2459 cursus
390 2413 445 2459 ad
478 2428 633 2462 cetera.
689 2414 870 2462 Facilius
911 2416 1027 2462 enim
1069 2416 1223 2464 crescit
1260 2415 1441 2479 dignitas
1472 2451 1486 2474 ,

201 2499 333 2547 quam
370 2485 544 2551 incipit.'
596 2488 786 2537 Pecunia
825 2505 1003 2553 quoque
1036 2489 1149 2538 circa
1185 2501 1485 2552 paupertatem

1161 2563 1192 2608 Β
1228 2580 1258 2622 4
