1730 2870
393 105 662 154 NATUR.
708 104 1021 164 QUAEST.
1073 103 1197 149 LIB.
1249 105 1327 151 VI.
1404 121 1494 167 327

215 210 506 278 praeteream)
519 211 592 258 hic
611 223 700 257 tam
728 225 868 273 prope
884 226 907 255 a
928 209 1056 256 nobis
1075 225 1205 272 agens
1222 208 1394 257 cursum
1410 210 1495 269 sol,

215 287 340 333 omni
364 299 577 332 terrarum
594 283 761 328 ambitu
786 298 879 328 non
901 282 1031 328 semel
1051 282 1215 338 maior,
1241 281 1494 329 alimentum

213 376 269 406 ex
294 370 470 404 terreno
498 355 699 414 trahunt,
726 371 770 403 et
794 355 908 402 inter
932 354 973 401 se
997 355 1272 417 partiuntur:
1300 370 1381 402 nec
1403 355 1496 400 ullo

210 430 300 476 alio
317 427 505 483 scilicet,
538 443 668 490 quam
696 426 830 474 halitu
858 439 1070 472 terrarum
1098 425 1370 473 sustinentur.
1392 427 1494 473 Hoc

210 502 291 549 illis
308 502 566 548 alimentum
581 535 595 558 ‚
621 499 694 546 hic
711 498 852 562 pastus
871 497 943 546 est·
960 499 1066 545 Non
1084 498 1225 561 poffet
1244 511 1385 546 autem
1405 513 1494 545 tarn

208 578 367 633 multa,
386 586 591 638 tantaque
606 609 620 632 ‚
640 584 683 621 et
701 573 835 636 seipsa
853 572 1046 628 maiora,
1066 585 1181 618 terra
1200 572 1367 619 nutrire
1381 608 1394 630 ‚
1417 572 1496 619 nifi

210 649 337 712 plena
355 647 460 695 esset
477 647 646 694 animae
658 678 673 702 ,
688 662 819 709 quam
841 662 918 708 per
937 645 1053 692 diem
1073 656 1115 691 et
1132 646 1305 692 no&em
1319 646 1373 691 ab
1390 662 1492 691 om-

209 723 335 771 nibus
356 722 550 784 partibus
571 719 656 766 suis
674 719 829 766 fundit.
860 717 972 765 Fieri
989 718 1106 765 enim
1134 733 1225 764 non
1244 718 1386 780 potest
1411 754 1424 778 ‚
1443 732 1492 767 ut

208 812 300 842 non
329 796 515 842 multum
544 794 605 841 illi
631 793 833 857 superfit,
863 810 916 840 ex
944 809 1031 856 qua
1060 803 1226 838 tantum
1258 791 1418 855 petitur
1443 793 1494 839 ac

207 869 390 915 sumitur
409 886 420 914 :
440 880 483 915 et
501 869 554 913 ad
571 881 744 929 tempus
763 866 942 929 quidem
954 902 967 924 ‚
985 865 1108 929 quod
1127 878 1252 911 exeat
1266 899 1278 921 ,
1294 863 1478 911 nasc'zvi-..2.v

207 943 302 987 Nec
331 941 449 987 enim
481 939 586 986 esset
624 938 823 1001 perennis
853 938 913 983 illi
946 937 1074 1000 copia
1099 936 1313 984 suffe&uri
1348 937 1392 983 in
1422 952 1491 984 tot

205 1013 407 1059 coelestia
425 1012 597 1074 spiritus
613 1047 626 1068 ,
649 1011 725 1056 nisi
745 1010 937 1058 invicem
956 1009 1032 1056 ista
1052 1022 1357 1067 excurrerent,
1382 1026 1424 1058 et
1445 1012 1488 1057 in

204 1085 322 1131 aliud
339 1085 419 1131 alia
448 1085 732 1131 solverentur.
758 1084 841 1129 Sed
868 1097 1012 1129 tamen
1032 1082 1198 1130 necesse
1218 1083 1280 1130 est
1300 1084 1490 1130 abundet

205 1173 254 1202 ac
286 1156 411 1218 piena
436 1156 517 1213 fit,
545 1167 589 1203 et
617 1172 672 1201 ex
704 1156 890 1202 condito
918 1155 1128 1219 proferat.
1158 1156 1264 1201 Non
1293 1155 1353 1203 est
1381 1173 1488 1218 ergo

202 1228 409 1285 dubium,
441 1228 547 1290 quin
577 1228 762 1274 multum
789 1226 962 1290 spiritus
993 1228 1263 1284 interlateat,
1292 1241 1334 1274 et
1360 1245 1487 1275 caeca

201 1299 278 1346 sub
296 1313 409 1346 terra
427 1300 559 1361 spatia
576 1300 649 1346 a'e'r
668 1300 776 1346 latus
793 1300 1001 1346 obtineat.
1022 1300 1162 1359 Quod
1180 1298 1210 1344 si
1227 1316 1379 1347 verum
1396 1300 1456 1346 est
1472 1336 1485 1359 ‚

202 1371 369 1419 necesse
398 1370 458 1419 est
476 1371 523 1417 id
545 1372 667 1434 saepe
690 1385 925 1420 moveatur
944 1408 958 1430 ‚
985 1373 1108 1434 quod
1141 1389 1187 1418 re
1207 1373 1483 1420 mobilifiima

198 1443 375 1505 plenum
394 1443 467 1490 est.
501 1444 730 1506 Numquid
753 1444 873 1493 enim
900 1444 1081 1490 dubium
1105 1443 1190 1490 effe
1217 1445 1359 1506 potest
1387 1446 1482 1491 cui·

198 1531 329 1578 quam
343 1551 356 1573 ,
374 1516 480 1578 quin
497 1516 605 1562 nihil
623 1516 672 1562 fit
686 1526 774 1562 tam
793 1515 1037 1578 inquietum
1057 1532 1189 1580 quam
1207 1517 1283 1564 abr
1293 1553 1310 1575 ,
1330 1531 1373 1566 et
1392 1532 1487 1567 tam¹

198 1589 408 1637 versabile
426 1602 469 1637 et
490 1589 727 1654 agitatione
748 1590 971 1653 gaudens?

263 1666 410 1712 XVII.
437 1664 639 1728 Sequitur
661 1681 793 1727 ergo,
820 1678 868 1711 ut
887 1678 1086 1712 naturam
1113 1665 1235 1713 suam
1252 1679 1481 1727 exerceat,

194 1750 240 1784 et
259 1739 382 1799 quod
405 1737 573 1799 semper
591 1736 779 1784 moveri
797 1737 892 1785 vult
909 1772 925 1794 ,
950 1737 1187 1800 aliquando
1208 1752 1252 1786 et
1279 1739 1358 1785 alia
1378 1757 1477 1785 mo-

196 1824 311 1856 veat.
339 1810 391 1856 Id·
417 1809 597 1873 quando
624 1808 708 1855 fit?
746 1810 942 1869 Quando
964 1809 1025 1856 illi
1055 1811 1199 1857 cursus
1227 1811 1476 1858 interdistus

193 1882 267 1929 est.
304 1883 419 1928 Nam
457 1881 670 1943 quamdiu
708 1898 800 1928 non
832 1882 1100 1946 impeditur,
1137 1884 1304 1945 placide
1336 1882 1433 1930 fluit
1460 1901 1474 1928 ε

194 1968 296 1998 cum
319 1952 557 1999 offenditur
582 1964 624 1999 et
649 1953 863 2000 retinetur
881 1989 896 2011 ,
928 1953 1112 2012 insanit,
1141 1968 1184 2002 et
1208 1970 1353 2002 moras
1382 1953 1478 2002 suas

192 2022 436 2087 abrumpit,
462 2042 552 2070 non
569 2025 715 2082 aliter,
746 2042 878 2089 quam
897 2025 969 2074 ille

436 2137 611 2181 Pontem
639 2138 885 2198 indignatus
905 2139 1099 2182 Araxes*

188 2237 414 2298 Quamdiu
436 2237 495 2285 illi
517 2238 652 2287 facilis
670 2252 713 2288 et
739 2241 849 2287 liber
869 2239 930 2287 est
949 2241 1125 2298 alveus,
1155 2239 1317 2303 primas
1340 2242 1472 2303 quas—-

187 2328 275 2375 que
308 2328 438 2376 aquas
467 2313 668 2375 explicat.
697 2314 785 2361 Ubi
817 2313 916 2360 saxa
948 2330 1082 2360 manu
1116 2314 1192 2362 vel
1221 2315 1318 2363 casu
1351 2315 1469 2379 illata

188 2382 370 2446 preffere
392 2384 664 2445 venientem,
693 2398 797 2436 tunc
816 2386 1031 2449 impetum
1053 2403 1179 2433 mora
1198 2380 1365 2452 quaerit
1383 2405 1403 2433 z.
1420 2401 1467 2435 et

1089 2460 1137 2506 X
1169 2479 1201 2522 4
