1730 2870
355 115 614 163 NATUR.
664 113 961 174 QUAEST.
1011 112 1126 157 [ΑΒ.
1163 114 1221 157 v.
1346 128 1437 175 209

163 221 233 269 edi
265 237 290 269 e
318 221 445 284 specu
472 231 655 276 ventos,
687 217 938 280 recessuque
973 215 1182 263 interiore
1215 225 1441 261 terrarum.

163 297 270 342 Non
305 309 396 343 tota
424 293 567 340 solido
593 306 804 339 contextu
829 303 942 337 terra
966 290 1013 338 in
1032 306 1168 338 unum
1190 288 1325 352 usque
1343 287 1441 341 fun·¹

163 371 320 428 datur,
339 368 410 415 sed
434 366 576 412 multis
606 366 801 429 partibus
827 381 962 424 cava,

292 494 453 505 ---·
489 471 532 519 6⁴
565 475 693 519 caecis
709 472 909 536 fitspenstz
942 472 1122 518 latebris.

161 577 319 626 alicubi
347 577 476 623 habet
511 576 652 623 inania
680 577 766 624 fine
795 578 996 624 humore.
1046 576 1115 623 lbi
1141 575 1302 624 etiamfi
1329 577 1444 626 nulla

159 651 232 697 lux
269 651 499 697 discrimen
536 649 647 696 aeris
680 650 922 706 monstrat,
952 650 1094 697 dicam
1131 665 1275 696 tamen
1305 651 1442 698 nubes

160 723 425 784 nebulat‘que
444 721 490 766 in
520 721 710 768 obscuro
739 720 979 769 consistere.
1011 723 1125 768 Nam
1154 739 1208 768 ne
1238 722 1317 769 hae
1344 720 1461 785 qui?

162 797 260 843 dem
283 797 405 857 supra
421 796 557 851 terrae
573 831 586 851 ‚
605 797 705 858 quia
724 797 930 843 videntur
943 832 956 853 ,
972 796 1091 842 sunt:
1114 796 1185 844 sed
1203 795 1304 859 quia
1317 795 1444 855 sunt,

161 870 379 915 videntur.
410 868 500 914 lnic
527 884 706 929 quoque
726 868 1013 915 nihilominus
1037 869 1098 915 ob
1117 869 1161 914 id
1183 868 1298 926 sunt,
1319 868 1443 931 quod

160 956 252 986 non
284 940 502 985 videntur.
550 939 743 985 Flumina
773 940 864 986 illic
893 938 998 987 scias
1030 941 1161 998 licet,
1182 939 1337 987 nostris
1368 957 1444 1001 pa-

160 1028 254 1067 ria,
288 1010 478 1056 sublabi:
513 1009 591 1055 alia
620 1010 774 1056 leviter
802 1012 956 1067 dueta,
987 1011 1107 1058 alia
1097 1029 1142 1057 m
1176 1010 1465 1075 confragosis*

160 1084 269 1130 locis
303 1083 634 1145 praecipitando
670 1083 882 1132 sonantia
919 1085 1042 1145 Quid
1077 1084 1219 1148 ergo?
1260 1101 1352 1131 non
1389 1085 1444 1131 il-

161 1156 236 1201 lud
268 1172 360 1217 aeq·
355 1172 406 1200 ιε
435 1155 582 1210 dabis,
609 1155 693 1201 efle
721 1156 890 1215 aliquos
918 1171 961 1204 et
988 1157 1066 1203 sub
1097 1170 1210 1204 terra
1238 1157 1374 1213 lacus,
1401 1169 1446 1204 et

161 1228 366 1292 quasdam
389 1244 520 1289 aquas
540 1228 625 1273 fine
646 1228 767 1274 exitu
788 1229 1012 1291 stagnare?
1046 1232 1174 1289 Quae
1195 1229 1224 1275 fi
1243 1230 1302 1275 ita
1320 1229 1445 1288 sunt,

161 1300 329 1347 necesse
357 1301 417 1346 est
443 1313 485 1345 et
513 1300 618 1345 iuud
637 1334 650 1357 ‚
674 1301 773 1346 ae‘ra
804 1302 1004 1359 onerari,
1035 1313 1350 1364 oneratumque
1371 1301 1444 1347 in-

155 1373 397 1431 cumbere,
427 1387 471 1418 et
500 1385 678 1419 ventum
710 1374 920 1435 propulsu
964 1375 1042 1422 suo
1085 1374 1318 1422 concitare.
1380 1377 1445 1420 Ex

163 1445 244 1491 illis
269 1461 375 1508 ergo
408 1443 690 1490 subterraneis
727 1446 916 1492 nubibus
946 1446 1127 1494 sciemus
1149 1447 1304 1508 nutriri
1330 1446 1445 1492 inter

165 1519 349 1565 obscura
376 1515 528 1574 flatus,
561 1533 661 1562 cum
695 1531 861 1563 tantum
891 1518 1052 1565 virium
1075 1518 1284 1574 fecerint,
1306 1535 1447 1582 quan-

162 1603 211 1639 to
248 1606 319 1638 aut
349 1603 487 1637 terrae
515 1590 727 1637 obstantia
753 1590 977 1650 auferant,
1003 1604 1077 1638 aut
1104 1593 1288 1655 aliquod
1315 1609 1446 1654 aper-

163 1676 256 1711 tum
275 1663 328 1709 ad
354 1662 436 1708 hos
458 1662 624 1709 efflatus
641 1662 724 1708 iter
741 1675 982 1724 occupent,
1001 1679 1043 1710 et
1065 1680 1142 1725 per
1162 1664 1274 1710 hanc
1292 1680 1445 1711 caver-

162 1753 264 1782 nam
293 1736 339 1780 in
364 1734 531 1780 nostras
559 1734 675 1780 sedes
702 1733 947 1781 efferantur.
977 1736 1089 1782 Illud
1121 1752 1233 1783 vero
1259 1735 1444 1783 manife-

162 1809 275 1855 stum
298 1808 358 1856 est
380 1840 395 1864 ‚
418 1824 619 1870 magnam
649 1808 734 1855 effe
759 1808 835 1854 sub
867 1809 991 1856 terris
1018 1809 1110 1856 vim
1142 1809 1377 1872 sulphuris,
1398 1821 1444 1858 et

161 1883 345 1929 aliorum
376 1897 467 1928 non
498 1880 642 1927 minus
670 1880 817 1943 ignem
847 1882 1064 1928 dentium.
1096 1875 1177 1929 Per
1210 1883 1316 1930 haec
1342 1883 1443 1930 loca

162 1971 265 2001 cum
290 1954 331 2000 se
350 1989 364 2011 ‚
386 1953 551 2000 exitum
582 1969 823 2013 quaerens,
849 1953 1019 2016 spiritus
1047 1955 1168 2001 torfit
1186 1989 1200 2011 ‚
1231 1955 1440 2002 accendat

163 2027 386 2073 flammam
411 2025 515 2088 „ipso
548 2025 718 2072 affriEtu
750 2025 919 2072 neceffe
944 2025 1016 2072 est.
1046 2025 1224 2073 Deinde
1249 2025 1440 2072 fiammis

162 2101 288 2147 latius
313 2099 437 2157 fusis,
465 2100 628 2146 etiamfi
664 2099 770 2163 quid
792 2100 936 2163 ignavi
958 2100 1065 2147 aeris
1091 2114 1182 2146 erat
1200 2135 1214 2157 ‚
1233 2114 1442 2147 extenua-

163 2192 258 2226 tum
284 2177 490 2232 moveri,
512 2191 556 2224 et
582 2177 698 2223 viam
721 2194 818 2224 cum
850 2176 1025 2223 fremitu
1054 2176 1177 2222 vasto
1205 2188 1333 2238 atque
1354 2177 1442 2222 im-

162 2265 266 2314 petu
286 2265 506 2312 quaerere.
541 2249 625 2294 Sed
651 2249 738 2295 hoc
769 2248 1020 2311 diligenti-us
1052 2247 1309 2312 persequar,
1335 2264 1438 2295 cum

164 2339 367 2388 quaeram
407 2322 460 2368 de
489 2318 682 2368 motibus
704 2333 854 2368 terrae.

229 2395 336 2445 XV.
356 2396 486 2443 Nunc
507 2393 615 2442 mihi
634 2393 836 2458 permitte
856 2409 1030 2442 narrare
1055 2392 1260 2443 fabulam.
1294 2393 1440 2442 Ascle-
