1730 2870
255 146 347 195 302
478 132 528 178 L.
578 129 868 176 ANNAEI
917 125 1271 174 SENECAE

248 250 292 286 te
309 236 640 302 aequinoffiali,
666 235 916 294 subsolanus
941 227 1057 298 apud
1077 251 1156 282 nos
1171 234 1354 280 dicitur:
1375 227 1534 280 Graeci

248 306 371 357 illum
400 315 617 367 ἀφηλιώτην
650 318 828 355 vocant.
872 305 943 352 AB
978 308 1146 353 oriente
1179 306 1365 354 hiberno
1397 309 1536 352 Eurus

249 383 368 429 exit:
398 397 533 444 quem
568 378 702 425 nostri
729 395 956 426 vocavere
981 372 1269 425 Vulturnum.
1310 379 1362 423 Et
1389 376 1539 423 Livius

252 455 342 501 hoc
371 454 496 499 illum
526 450 707 498 nomine
737 450 950 513 appellat,
975 450 1019 496 in
1051 450 1121 495 illa
1151 465 1294 512 pugna
1325 448 1539 494 Romanis

252 544 405 592 parum
432 526 664 588 prospera,
700 523 745 570 in
776 541 862 586 qua
898 522 1114 569 Hannibal
1143 536 1186 568 et
1212 534 1365 573 contra
1403 521 1539 567 solem

251 599 470 646 orientem
491 599 730 645 exercitum
752 596 947 643 nostrum
963 631 975 653 ,
995 608 1038 641 et
1059 606 1213 642 contra
1233 607 1413 641 ventum
1432 608 1541 639 con-

250 672 418 718 stituit:
450 687 553 717 cum
597 670 719 718 venti
753 668 978 728 adiutorio
1014 685 1064 715 ac
1093 666 1280 730 fulgoris
1313 665 1542 729 praestrin-

252 741 395 806 gentis
418 742 574 789 oculos
601 741 788 788 hostium
810 741 936 788 vicit.
960 742 1108 788 Varro
1133 753 1314 802 quoque
1343 739 1430 786 hoc
1456 755 1543 785 no—

253 835 358 865 men
387 817 578 880 usurpat.
603 817 688 863 Sed
716 829 757 863 et
772 805 918 862 ¹Eurus
944 815 1027 861 iam
1054 814 1232 862 civitate
1249 814 1435 861 donatus
1458 813 1542 872 est,

250 903 296 938 et
322 890 474 938 nostro
503 889 694 937 sermoni
721 905 813 935 non
843 903 1053 952 tauquam
1093 887 1255 935 alienus
1291 887 1545 936 intervenit.

253 963 325 1009 Ab
352 962 523 1009 oriente
549 960 756 1008 solstitiali
788 960 1054 1015 excitatum,
1084 959 1245 1008 Graeci
1275 967 1436 1008 Καικίαν
1466 976 1545 1022 ap-

253 1036 441 1100 pellant:
482 1034 601 1097 apud
632 1050 714 1080 nos
752 1034 838 1080 fine
880 1031 1062 1080 nomine
1091 1032 1165 1079 est.
1205 1031 1547 1097 Aequinofflalis

253 1107 465 1154 occidens
488 1104 735 1152 Favonium
753 1105 915 1152 mittit:
944 1121 1073 1168 quem
1094 1103 1352 1168 Zephyrum
1372 1103 1457 1151 effe
1476 1103 1547 1150 di-

242 1192 356 1228 ‘cent
379 1179 489 1235 tibi,
510 1178 640 1225 etiam
673 1177 750 1241 qui
771 1181 941 1225 Graece
965 1177 1160 1223 nesciunt
1182 1176 1319 1241 loqui.
1352 1180 1388 1223 A
1409 1175 1547 1223 solsti-

253 1254 347 1300 tiali
381 1252 612 1299 occidente
637 1252 782 1298 Corus
807 1251 962 1306 venit,
984 1251 1062 1314 qui
1093 1251 1206 1313 apud
1238 1249 1448 1313 quosdam
1469 1254 1548 1295 Ar-

255 1326 392 1390 gestes
417 1324 590 1371 dicitur.
619 1323 728 1370 Mihi
747 1339 838 1370 non
855 1321 1054 1371 videtur:
1089 1322 1189 1384 quia
1210 1321 1321 1368 Cori
1351 1321 1550 1369 violenta

256 1399 327 1445 vis
345 1398 405 1446 e‘st
421 1434 434 1455 ‚
453 1411 496 1444 et
521 1397 567 1443 in
579 1412 717 1442 *unam
739 1409 909 1459 partem
932 1411 1087 1456 rapax3
1107 1394 1304 1457 Argestes
1324 1394 1414 1440 fere
1434 1394 1549 1439 mol-

255 1469 308 1519 lis
335 1470 396 1518 est
414 1502 427 1525 ‚
448 1481 492 1517 et
518 1482 606 1516 tam
629 1469 833 1516 euntibus
867 1468 1142 1524 communis,
1170 1483 1301 1529 quam
1324 1465 1551 1512 redeunti·

257 1543 352 1592 bus.
402 1542 470 1589 Ab
511 1541 743 1589 occidente
778 1540 967 1586 hiberno
1005 1537 1180 1585 Africus
1217 1537 1474 1583 furibundus
1509 1547 1553 1583 et
1592 1576 1596 1577 γ

258 1634 389 1665 ruens
408 1653 422 1675 ‚
455 1617 569 1679 apud
601 1615 797 1662 Graecos
833 1622 912 1674 >0¹ss
933 1613 1104 1660 dicitur.
1147 1617 1186 1658 A
1212 1609 1554 1674 septemtrionali

258 1694 392 1747 latere
416 1691 611 1738 summus
638 1689 698 1737 est
722 1690 884 1751 Aquilo
901 1725 914 1747 ‚
942 1688 1110 1735 medius
1128 1687 1422 1750 Septemtrio‚
1440 1686 1552 1733 imus

260 1764 504 1813 Thrascias.
531 1763 647 1811 Huic
679 1762 796 1811 deest
824 1763 942 1825 apud
967 1779 1048 1810 nos
1082 1761 1366 1811 vocabulum.
1387 1763 1427 1807 A
1457 1778 1553 1807 me·-

261 1838 436 1885 ridiano
473 1854 554 1884 axe
587 1840 842 1884 Euronotus
871 1835 941 1882 est.
989 1835 1147 1888 deinde
1182 1833 1356 1891 Notus,
1399 1834 1554 1880 Latine

264 1908 435 1956 Auster.
482 1896 945 1967 deindeLibonotus',
972 1907 1049 1972 qui
1083 1906 1200 1970 apud
1229 1922 1310 1953 nos
1344 1905 1431 1952 fine
1468 1921 1555 1956 no·-

266 1979 385 2026 mine
412 1978 487 2026 est.

331 2054 479 2100 XVII.
510 2050 653 2099 Placet
683 2063 827 2099 autem
856 2051 1094 2099 duodecim
1122 2061 1282 2098 ventos
1315 2048 1432 2096 effe:
1463 2064 1556 2095 non

267 2126 371 2190 quia
393 2125 554 2188 ubique
581 2137 648 2171 tot
677 2126 756 2172 sint
789 2124 1040 2189 (quosdam
1069 2123 1185 2171 enim
1212 2124 1439 2170 inclinatio
1465 2136 1556 2169 ter·

266 2215 415 2246 tarum
443 2199 669 2261 excludit)
703 2198 775 2245 sed
809 2199 1021 2262 quoniam
1057 2198 1202 2260 plures
1223 2198 1430 2261 nusquam
1448 2196 1557 2243 sunt.

270 2274 342 2320 Sic
360 2273 476 2320 casus
500 2274 571 2320 sex
595 2274 803 2321 dicimus:
830 2289 920 2319 non
941 2273 1042 2336 quia
1064 2288 1197 2318 omne
1214 2289 1373 2318 nomen
1392 2271 1464 2317 sex
1487 2286 1557 2315 re-

273 2345 409 2406 cipit,
428 2345 501 2392 sed
530 2346 630 2409 quia
659 2346 823 2391 nullum
854 2344 998 2407 plures
1018 2341 1147 2407 quam
1168 2344 1252 2390 sex.
1278 2343 1369 2403 Qui
1390 2341 1557 2387 duode-

275 2417 362 2467 cim
394 2429 551 2468 ventos
586 2418 671 2466 effe
697 2418 929 2474 dixerunt,
955 2419 1042 2464 hoc
1063 2416 1198 2466 secuti
1225 2417 1322 2464 sunt
1339 2446 1353 2472 ,
1373 2415 1558 2463 totidem
