1730 2870
509 135 1195 183 EPISTOLAE.·
1382 138 1437 199 εξ

159 243 254 290 cule
283 241 394 289 istud
422 240 506 299 est,
530 242 651 305 quod
671 244 967 290 cummaxime
988 243 1140 307 agitur.
1166 243 1326 295 diffilio
1343 247 1444 304 risu,

162 335 261 365 cum
281 315 387 362 mihi
409 331 619 378 propono
647 315 954 362 soloecismum
976 315 1136 362 animal
1155 316 1267 371 effe,
1287 331 1328 365 et
1346 316 1445 366 bar·

161 389 398 438 batismum
415 423 430 444 ,
453 402 496 447 et
517 387 817 452 syllogismum
832 423 845 445 ,
871 403 915 434 et
935 400 1053 450 aptas
1072 388 1155 435 illis
1173 387 1327 448 facies,
1346 407 1446 438 tan-

163 478 293 526 quam
329 460 508 522 pistor,
543 460 721 523 affigno.
763 460 885 518 Haec
919 459 1220 522 disputamus,
1255 464 1447 513 attraffls

162 532 400 597 superciliis
416 568 429 590 ‚
452 532 600 579 fronte
620 532 786 596 rugosa.
813 533 917 577 Non
938 532 1109 593 poffum
1141 533 1229 582 hoc
1254 535 1358 584 loco
1379 536 1449 583 di-

163 624 261 655 cere
285 606 389 652 illud
414 605 742 653 Caecilianum:
770 606 815 650 O
842 603 980 653 tristes
1000 604 1209 666 ineptias!
1239 608 1450 658 ridiculae

162 668 423 740 suntssQuin
444 679 593 742 iraque
617 677 763 740 potius
788 675 954 739 aliquid
977 676 1080 722 utile
1107 678 1234 725 nobis
1260 696 1309 727 ac
1334 681 1449 728 salu-

165 771 255 802 tare
278 752 537 809 traRamus‚
563 766 605 797 et
632 750 884 813 quaerimus
916 749 1150 812 quomodo
1181 751 1232 797 ad
1263 753 1449 802 virtutes

165 825 315 872 venire
336 822 568 885 possimus,
590 837 700 885 quae
721 837 801 867 nos
819 820 872 866 ad
893 820 985 868 illas
1004 821 1076 869 via
1096 822 1294 873 adducat.
1315 826 1450 873 Doce

166 914 262 954 me,
288 913 379 942 non
399 912 451 940 an
480 894 697 940 fortitudo
725 894 886 940 animal
910 894 988 941 fit:
1013 895 1085 942 sed
1106 897 1270 943 nullum
1290 898 1451 946 animal

166 970 270 1016 felix
289 969 374 1016 effe
392 966 478 1014 sine
496 966 758 1013 fortitudine
774 1002 787 1023 ‚
811 967 887 1013 nifi
904 979 1061 1016 contra
1079 967 1260 1016 fortuita
1282 987 1451 1018 conva-

165 1044 269 1099 luit,
297 1058 341 1090 et
360 1059 514 1089 omnes
534 1041 654 1088 casus
671 1055 903 1105 antequam
927 1041 1176 1106 exciperet,
1196 1045 1450 1092 meditando

166 1115 467 1180 praedomuit(
488 1114 612 1174 Quid
641 1114 701 1160 est
731 1114 981 1162 fortitudo?
1015 1117 1335 1164 munimentum
1366 1119 1449 1166 hu-

166 1207 319 1236 manae
349 1188 656 1236 imbecillitatis
686 1188 1020 1252 inexpugnabile
1034 1206 1054 1236 -:
1097 1191 1223 1253 quod
1255 1192 1331 1255 qui
1364 1192 1451 1239 cir-

166 1261 389 1309 cumdedit
412 1261 515 1315 fibi,
541 1260 714 1307 securus
739 1259 783 1305 in
811 1261 890 1308 hac
908 1260 1022 1307 vitae
1037 1261 1266 1309 obsidione
1286 1265 1450 1325 perdu-

166 1349 240 1383 rat.
269 1337 420 1383 Utitur
439 1335 554 1382 enim
578 1335 658 1382 suis
684 1334 876 1394 viribus,
894 1335 976 1382 suis
994 1335 1100 1383 telis.
1123 1337 1226 1385 Hoc
1244 1338 1348 1384 loco
1368 1337 1450 1385 tibi

168 1409 393 1458 Posidonii
429 1407 849 1471 nostrilsententiam
878 1408 1039 1463 referre
1067 1410 1177 1457 volo
1207 1426 1219 1457 t
1253 1413 1359 1458 Non
1386 1413 1449 1460 est

167 1482 289 1546 quod
315 1497 510 1544 unquam
539 1481 741 1527 fortunae
769 1480 900 1527 armis
931 1495 1056 1544 putes
1091 1482 1174 1539 effe
1202 1494 1245 1529 te
1276 1494 1447 1542 tutums

166 1556 249 1602 tuis
269 1572 413 1619 pugna
433 1570 586 1601 contra
604 1553 750 1617 ipsam.
778 1552 963 1600 fortuita
983 1570 1074 1600 non
1093 1567 1271 1602 armant.
1299 1553 1450 1621 Itaque

168 1641 321 1674 contra
352 1627 495 1673 hostes
517 1626 737 1683 instruffi,¹
774 1637 929 1672 contra
952 1627 1088 1688 ipsam
1121 1627 1310 1676 inermes
1339 1630 1448 1679 sunt.

166 1700 416 1746 Alexander
438 1699 622 1763 quidem
649 1698 792 1745 Persas
807 1735 819 1756 ,
856 1716 899 1746 et
923 1700 1160 1763 Hyrcanos
1176 1736 1189 1759 ‚
1218 1718 1260 1748 et
1290 1703 1421 1750 Indos
1436 1741 1451 1762 ‚

169 1788 212 1822 et
249 1775 464 1839 quidquid
501 1774 696 1837 gentium
739 1773 879 1838 usque
908 1774 954 1820 in
991 1778 1220 1822 Oceanum
1259 1778 1453 1827 extendit

171 1848 361 1904 Oriens,
385 1846 608 1904 vastabat,
639 1845 902 1910 fugabatque
929 1863 940 1894 :
973 1847 1046 1894 sed
1078 1848 1167 1911 ipse
1201 1851 1341 1896 modo
1366 1868 1449 1899 oc-

171 1921 261 1969 ciso
281 1922 428 1967 amico
442 1956 454 1978 ,
484 1921 624 1966 modo
650 1920 806 1966 amiffo
822 1956 836 1978 ,
861 1921 1030 1968 iacebat
1049 1922 1093 1967 in
1110 1923 1299 1970 tenebris
1313 1960 1327 1981 ‚
1349 1926 1452 1974 alias

170 1996 331 2052 scelus,
362 1993 463 2040 alias
501 1994 758 2041 desiderium
791 1993 912 2040 suum
942 2011 1176 2051 moerens;
1214 1996 1358 2044 vifior
1382 2011 1452 2046 tot

171 2083 322 2129 regum
340 2078 468 2129 atque
485 2065 756 2128 populorum
768 2100 781 2120 ,
803 2065 889 2112 irae
904 2064 1187 2129 tristitiaeque
1206 2059 1452 2120 succubuit.

170 2142 216 2186 Id
239 2141 355 2186 enim
373 2152 543 2201 egerat,
567 2152 612 2185 ut
628 2139 776 2185 omnia
797 2139 946 2202 potius
968 2139 1146 2186 haberet
1161 2140 1205 2186 in
1224 2144 1454 2204 potestate,

170 2232 303 2278 quam
335 2213 524 2261 affeftus.
562 2218 606 2260 Ο
635 2231 767 2275 quam
797 2215 967 2278 magnis
998 2215 1202 2261 homines
1229 2218 1453 2265 erroribus

169 2300 393 2345 tenentur,
413 2288 489 2352 qui
507 2288 572 2334 ius
590 2288 848 2334 dominandi
868 2301 983 2334 trans
1003 2287 1136 2334 maria
1155 2288 1339 2352 cupiunt
1357 2308 1453 2353 per·

167 2362 339 2408 mittere
369 2378 381 2407 ε
417 2360 773 2424 felicissimosque
802 2360 844 2408 se
872 2360 1093 2419 iudicant,
1129 2361 1160 2407 fi
1190 2361 1347 2409 multas
1371 2381 1453 2427 per

165 2435 325 2483 milites
353 2434 607 2502 provincias
629 2434 858 2496 obtinent,
886 2446 932 2482 et
954 2449 1095 2485 novas
1118 2434 1343 2484 veteribus
1371 2437 1452 2488 ads

1129 2510 1162 2555 F
1197 2525 1228 2558 a.
