1730 2870
377 117 644 169 NATUR.
687 115 993 179 QUAEST.
1036 113 1155 162 mss.
1192 108 1300 164 vt(
1371 132 1459 181 32³

185 227 321 292 plagis
339 227 484 290 primo
504 224 624 288 cogit
637 256 652 282 ,
667 224 824 271 deinde
843 222 1078 286 perturbat.
1095 223 1225 269 Tunc
1242 222 1314 268 ille
1333 240 1467 286 quaea-

183 318 284 348 rens
314 301 492 358 locum,
521 313 678 344 omnes
703 296 917 360 angustias
945 295 1175 353 dimovet,
1209 309 1253 343 et
1286 296 1467 343 claustra

185 373 257 420 sua
284 384 466 419 conatur
483 369 731 432 effringere.
760 371 830 416 Sic
855 370 1025 426 evenit,
1055 383 1104 416 ut
1123 382 1290 426 terrae,
1318 371 1468 432 {piritu

183 447 403 502 laetante,
440 458 484 491 et
521 443 668 506 fugam
706 457 970 506 quaerente,
1008 460 1284 491 moveantur.
1317 447 1468 508 ltaque

185 534 286 563 cum
318 527 457 562 terrae
481 531 630 562 motus
651 515 822 563 futurus
851 516 941 571 est,
969 503 1193 599 praeeedit
1219 518 1330 565 aeris
1348 535 1469 565 tran·

183 589 370 653 quillitas
394 602 437 635 et
469 590 617 652 quies:
639 590 876 649 videlicet,
903 591 1008 654 quia
1033 591 1103 638 vis
1127 591 1323 654 spiritus,
1356 610 1469 656 quae

184 662 408 708 concitare
441 675 598 707 ventos
641 662 774 719 solet,
813 662 858 708 in
895 663 1062 709 inferna
1102 663 1202 709 sede
1237 664 1468 711 detinetur.

184 736 316 783 Nunc
345 751 526 798 quoque
563 751 661 781 cum
704 736 776 783 hic
813 752 961 782 motus
997 737 1042 782 in
1079 737 1321 799 Campania
1353 737 1470 796 fuit,

184 812 386 874 quamvis
414 810 602 857 hiberno
634 823 836 873 tempore
853 845 867 867 ,
897 823 940 858 et
967 810 1198 875 inquieto,
1233 829 1311 875 per
1337 813 1466 875 supe-.-

185 885 323 930 riores
355 884 444 930 dies
479 884 553 929 aer
586 883 710 930 stetit.
748 884 869 943 Quid
901 885 1038 947 ergo?
1073 886 1306 949 Nunquam
1334 886 1468 933 flante

187 969 325 1003 vento
347 967 460 1000 terra
490 954 691 1002 concuss‘a
718 955 814 1001 est?
846 956 1104 1002 Admodum
1134 973 1235 1004 raro
1262 958 1353 1004 duo
1384 958 1468 1005 ssa*

185 1046 290 1077 vere
328 1028 451 1075 simul
485 1029 619 1076 venti.
658 1029 770 1075 Fieri
804 1041 950 1076 ‘tamen
985 1043 1028 1076 et
1063 1031 1238 1093 potest,
1270 1043 1315 1079 et
1345 1033 1468 1081 solen

184 1103 311 1166 quod
333 1102 361 1147 fi
381 1102 640 1164 recipimuS‚
667 1117 710 1149 et
729 1103 897 1149 constat
917 1103 1027 1149 duos
1051 1119 1210 1150 ventos
1227 1121 1318 1151 rem
1341 1105 1467 1151 fimul

185 1191 369 1238 gerere:
393 1175 543 1236 quidni
567 1175 762 1221 accidere
792 1174 950 1237 poffit,
983 1188 1031 1222 ut
1060 1177 1166 1223 alter
1194 1177 1467 1239 superiorem

186 1248 285 1293 aera
312 1249 469 1310 agitet,
506 1249 608 1294 alter
627 1247 852 1295 inferum?

252 1323 373 1368 XIII.
402 1325 447 1368 In
470 1323 552 1369 hac
580 1322 787 1369 sententia
807 1323 909 1370 licet
932 1335 1073 1387 ponas
1093 1324 1370 1371 Aristotelem
1390 1355 1404 1382 -,
1424 1333 1469 1372 et‘

186 1394 445 1457 discipulum
466 1394 556 1441 eius
582 1395 930 1457 Theophrastum
949 1429 963 1452 ‚
988 1413 1077 1443 non
1095 1433 1108 1455 ‚
1126 1409 1173 1443 ut
1199 1398 1378 1445 Graecis
1395 1398 1468 1445 vi-³

186 1467 279 1515 sum
304 1468 388 1523 est,
412 1467 580 1525 divini,
607 1478 754 1514 tamen
782 1481 825 1514 et
855 1470 993 1516 dulcis
1023 1469 1191 1531 eloquii
1215 1470 1390 1526 virum,
1422 1482 1467 1518 et

189 1541 314 1587 nitidi
348 1540 433 1586 sine
466 1538 629 1586 labore.
657 1540 782 1598 Quid
811 1541 984 1603 utrique
1016 1543 1209 1603 placeat,
1232 1550 1468 1605 expOnam.

190 1615 368 1676 Semper
399 1612 540 1676 aliqua
567 1612 826 1674 evaporatio
858 1614 919 1660 est
950 1631 975 1661 e
1004 1626 1144 1673 terra,
1184 1634 1293 1680 quae
1324 1619 1467 1664 modo

188 1687 307 1733 arida
330 1683 415 1742 est,
444 1685 584 1731 modo
606 1685 792 1732 humido
811 1686 956 1733 mixta.
985 1687 1103 1734 Haec
1124 1682 1178 1733 ab
1198 1688 1354 1734 infimo
1371 1691 1468 1737 edi-¹

188 1770 254 1816 ta,
277 1771 319 1803 et
341 1756 385 1802 in
407 1772 615 1819 quantum
637 1758 807 1819 potuit,
839 1758 944 1806 elata
961 1792 974 1817 ‚
1003 1776 1101 1806 cum
1122 1759 1373 1808 ulteriorem
1396 1765 1467 1809 10-

192 1849 294 1880 cum
319 1831 363 1877 in
385 1847 515 1894 quem
545 1842 671 1877 exeat
693 1845 781 1877 non
811 1830 966 1890 habet,
992 1846 1110 1879 retro
1138 1833 1300 1892 fertur,
1335 1849 1467 1899 atque

191 1906 236 1952 in
256 1904 296 1951 se
324 1903 567 1950 revolvitur
588 1922 598 1949 ε
622 1905 816 1967 dumque
840 1906 931 1951 rixa
951 1906 1125 1967 spiritus
1150 1908 1469 1970 reciprocantis

190 1978 314 2025 iassat
333 1977 563 2032 obstantia,
593 1990 635 2023 et
662 1978 750 2024 five
777 1979 1028 2026 interclusus
1047 2009 1062 2035 ‚
1089 1980 1180 2026 five
1200 1998 1277 2041 per
1293 1983 1468 2046 angusta

189 2051 327 2097 enisus
345 2050 429 2105 est,
462 2063 628 2096 motum
659 2067 708 2097 ac
728 2051 960 2098 tumultum
989 2053 1085 2100 ciet.
1111 2055 1286 2100 Straton
1306 2072 1360 2101 ex
1390 2073 1471 2102 eae

189 2124 290 2169 dem
314 2123 456 2168 schola
483 2122 568 2181 est,
602 2123 676 2186 qui
704 2124 813 2171 hanc
841 2136 1006 2187 partem
1042 2121 1343 2188 philosophiae
1370 2145 1468 2174 rnad

190 2197 307 2243 xime
327 2194 492 2253 coluit,
516 2209 559 2242 et
577 2208 720 2242 rerum
749 2213 924 2243 naturae
949 2198 1179 2260 inquilitor
1199 2198 1293 2245 fuit.
1329 2202 1470 2249 Huius

190 2268 274 2314 tale
299 2267 518 2313 decretum
547 2267 606 2312 est
634 2285 645 2313 z
680 2268 899 2331 Frigidum
936 2280 978 2314 et
1009 2268 1193 2315 calidum
1225 2270 1392 2333 semper
1420 2273 1469 2320 in

192 2341 408 2390 εοηῑτιτὶε
428 2341 615 2399 abeunt,
640 2354 681 2388 et
714 2357 797 2388 una
817 2343 902 2389 effe
921 2353 1010 2389 non
1041 2344 1247 2406 poffunt:
1266 2362 1321 2392 eo
1338 2345 1470 2410 frigi-

190 2416 295 2462 dum
322 2413 539 2473 confluit,
571 2375 689 2464 uiide
716 2415 784 2466 vis
810 2416 946 2465 calida
971 2416 1132 2465 disceff
1139 2431 1182 2464 t
1210 2431 1253 2465 et
1272 2419 1467 2472 invicem

1117 2491 1164 2538 X
1199 2508 1228 2540 ,ι
