1730 2870
263 182 321 231 50
488 168 536 214 L.
589 165 897 213 ANNAEI
946 167 1313 215 SENECAE

253 277 350 323 sunt
367 309 380 331 ‚
399 285 443 322 et
461 273 681 338 quidquid
701 290 756 320 ex
781 274 860 321 illis
881 273 955 321 est.
990 276 1220 340 Numquid
1247 276 1307 323 est
1327 275 1538 338 dubium}

253 367 307 397 an
331 349 377 396 id
405 364 496 412 quo
523 346 632 410 quid
663 345 781 410 tangi
808 346 973 409 potest,
1002 365 1167 411 corpus
1188 348 1270 395 fit?
1610 352 1615 354 ’

287 477 466 538 Tangere
490 472 601 520 enim
623 469 665 519 δ’
688 474 836 535 tangi,
867 475 914 517 ni
930 489 943 517 z
973 491 1148 535 corpus,
1178 477 1297 520 nulla
1310 474 1443 537 potest*
1464 493 1538 523 res.

449 610 498 645 ut
520 597 577 644 ait
609 595 850 644 Lucretius.

255 671 419 721 Omnia
450 685 594 718 autem
621 670 697 717 ista
717 686 828 733 quae
850 669 967 728 dixi,
989 686 1080 717 non
1107 681 1326 718 mutarent
1349 688 1539 736 corpus,

254 745 333 793 nisi
361 755 619 808 tangerent:
649 759 757 807 ergo
791 758 983 805 corpora
1008 743 1119 789 sunt.
1153 743 1430 801 Etiamnum,
1463 746 1537 793 cui

254 832 373 868 tanta
399 819 468 866 vis
495 818 578 873 est,
611 832 659 864 ut
682 816 874 878 impellat
898 828 941 862 et
964 828 1095 879 cogat
1122 832 1165 864 et
1195 817 1379 865 retineat
1403 833 1446 866 et
1470 819 1539 866 iu·-

253 894 382 949 beat,
410 907 570 954 corpus
595 888 669 936 est.
714 888 838 948 Quid
869 887 1010 951 ergo?
1046 888 1152 934 Non
1178 889 1316 935 timor
1337 890 1532 938 retinet?

253 981 346 1013 non
381 963 561 1011 audacia
602 961 822 1025 impellit?
860 977 954 1008 non
983 961 1200 1008 fortitudo
1235 962 1459 1022 immittit,
1495 976 1541 1012 et

252 1035 468 1099 impetum
495 1035 598 1082 dat?
622 1050 714 1080 non
738 1032 990 1080 moderatio
1021 1032 1238 1081 refraenat
1259 1048 1301 1081 et
1320 1036 1536 1084 revocat?

253 1125 347 1156 non
373 1107 575 1171 gaudium
597 1105 806 1153 extollit?
834 1122 925 1152 non
954 1105 1121 1153 tristitia
1146 1108 1358 1155 adducit?
1391 1108 1538 1156 Deni-

253 1200 341 1245 que
370 1180 584 1246 quidquid
607 1180 820 1237 facimus,
841 1191 911 1225 aut
937 1178 1124 1226 malitiae
1158 1192 1230 1226 aut
1258 1180 1434 1227 virtutis
1463 1197 1539 1243 ge-

252 1257 389 1304 rimus
413 1255 601 1317 imperio
624 1272 635 1301 :
663 1254 785 1317 quod
812 1253 1000 1317 imperat
1023 1254 1232 1316 corpori,
1263 1271 1424 1318 corpus
1447 1254 1538 1302 est:

254 1332 379 1396 quod
405 1331 500 1378 vim
528 1329 711 1393 corpori
741 1328 892 1383 affert,
926 1345 1103 1392 corpus.
1131 1329 1304 1374 Bonum
1337 1324 1539 1391 corporis

252 1403 488 1468 corporale
517 1402 605 1449 est:
632 1404 799 1448 bonum
827 1401 1047 1458 hominis,
1072 1412 1115 1448 et
1140 1401 1341 1464 corporis
1368 1402 1537 1449 bonum

250 1478 348 1527 est:
379 1477 526 1541 itaque
560 1475 793 1538 corporale
825 1474 899 1522 est.
952 1474 1177 1535 Quoniam
1199 1509 1212 1530 ‚
1245 1492 1291 1522 ut
1329 1475 1536 1531 voluisti,

250 1568 422 1600 morem
444 1550 548 1614 geffi
579 1549 682 1607 tibi,
713 1566 829 1595 nunc
851 1549 938 1613 ipse
968 1548 1109 1595 dicam
1130 1548 1264 1606 mihi,
1291 1548 1416 1611 quod
1443 1548 1537 1595 dic-
1570 1541 1571 1544 ¹

250 1639 400 1674 turum
441 1623 525 1671 effe
554 1635 597 1670 te
633 1622 783 1670 video.
828 1622 1098 1669 Latrunculis
1130 1621 1320 1668 ludimus
1353 1639 1365 1667 ε
1393 1621 1436 1667 in
1466 1621 1536 1668 su-

248 1698 482 1764 pervacuis
514 1697 721 1745 subtilitas
755 1697 921 1744 teritur.
949 1713 1038 1742 non
1072 1695 1235 1743 faciunt
1262 1696 1408 1742 bonos
1436 1694 1534 1751 ista,

249 1775 324 1821 sed
354 1773 523 1820 ὀοᾶοε.
573 1771 782 1834 Apertior
816 1788 884 1818 res
920 1770 1005 1827 est,
1041 1768 1188 1833 sapere
1220 1788 1231 1816 :
1265 1769 1405 1816 immo
1431 1768 1535 1815 fim-

250 1847 422 1910 plicior.
453 1844 604 1909 paucis
637 1861 754 1907 opus
784 1843 844 1890 est
875 1845 929 1891 ad
963 1855 1154 1890 mentem
1186 1844 1347 1890 bonam
1385 1843 1532 1891 literis.

249 1922 332 1968 Sed
365 1936 447 1967 nos
470 1932 518 1966 ut
546 1929 688 1966 cetera
720 1917 764 1964 in
795 1916 1116 1978 supervacuum
1147 1915 1454 1973 diffundimus,
1473 1916 1533 1964 ita

249 1990 579 2057 philosophiam
612 1988 763 2051 ipsam.
804 1987 1196 2048 Quemadmodum
1229 1987 1429 2033 omnium
1462 2003 1534 2034 re-

251 2081 375 2122 rum,
394 2062 450 2110 fic
467 2052 685 2108 literarum
707 2077 885 2124 quoque
908 2059 1241 2123 intemperantia
1256 2058 1531 2109 laboramus:

248 2154 341 2186 non
364 2137 511 2197 vitae,
537 2134 611 2184 sed
638 2133 811 2184 scholae
837 2132 1058 2183 discimus.
