1730 2870
386 118 653 167 NATUR.
698 116 996 178 QUAEST.
1043 116 1166 162 ΜΒ.
1219 118 1277 161 v.
1379 134 1465 180 293

186 241 272 288 que
290 260 303 282 ‚
330 223 488 270 habere
518 223 617 268 aera
645 222 881 270 naturalem
910 221 1004 269 vim
1034 220 1247 269 movendi
1279 220 1320 267 se
1346 240 1357 268 :
1385 238 1466 268 nec

186 299 358 344 aliunde
383 297 648 358 concipere,
676 296 747 342 sed
766 295 895 341 ineffe
925 295 983 340 illi
1017 306 1062 340 ut
1092 294 1268 340 aliarum
1288 311 1431 340 rerum
1454 331 1469 351 ‚

183 371 241 418 ita
263 370 386 416 huius
407 369 662 431 potentiam.
679 370 744 414 An
766 368 853 414 hoc
873 366 1089 414 existimas
1107 402 1120 424 ,
1141 365 1268 412 nobis
1287 366 1467 429 quidem

183 446 300 490 datas
329 443 446 490 vires
471 442 556 489 effe
572 478 586 499 ,
618 442 775 506 quibus
799 458 881 488 nos
907 447 1221 495 moveremus,
1258 441 1359 486 ae'ra
1388 458 1469 488 au-

182 533 266 564 tem
294 517 478 564 inertem
496 552 509 574 ‚
534 514 830 578 inagitabilem
860 512 1059 560 relictum
1090 511 1202 557 effe?
1233 528 1337 558 cum
1357 527 1468 575 aqua

179 602 352 636 motum
390 589 511 636 suum
543 588 727 643 habeat,
766 587 897 633 etiam
928 584 1072 633 ventis
1107 584 1463 647 quiescentibus:

181 678 260 708 nec
278 664 393 709 enim
417 662 539 708 aliter
562 659 758 707 animalia
777 660 907 705 edere
928 657 1088 721 poffet.
1120 657 1321 703 Muscum
1346 673 1466 719 quo-

180 752 267 796 que
305 734 468 781 innasci
506 733 662 796 aquis,
699 744 741 778 et
773 731 959 780 herbosa
993 730 1205 794 quaedam
1234 731 1468 787 videmus,

179 809 353 855 summo
383 807 631 853 innatantia.

243 882 320 926 VI.
345 879 414 925 Est
431 895 537 942 ergo
555 878 718 940 aliquid
744 877 789 923 in
807 894 916 941 aqua
936 877 1083 924 vitale.
1109 878 1180 924 De
1198 893 1310 940 aqua
1328 876 1461 924 dico?

174 951 288 1015 Ignis
307 953 383 1015 qui
403 952 553 997 omnia
581 951 826 1007 consumit,
857 951 1071 1012 quaedam
1092 951 1222 996 etiam
1253 962 1397 997 creat:
1418 965 1463 997 et

173 1026 297 1087 quod
318 1025 459 1071 videri
480 1041 571 1072 non
592 1023 734 1086 potest
754 1024 891 1070 {imile
911 1024 1030 1078 veri,
1053 1023 1124 1069 sed
1139 1036 1283 1069 tamen
1303 1040 1460 1070 verum

173 1098 261 1154 est,
295 1098 494 1144 animalia
525 1097 624 1161 igne
655 1111 927 1160 generantur.
961 1098 1106 1144 Habet
1136 1114 1243 1160 ergo
1273 1097 1460 1160 aliquam

172 1172 266 1218 vim
292 1172 421 1218 talem
447 1172 547 1229 aer,
575 1184 616 1217 et
645 1171 748 1217 ideo
785 1173 924 1218 modo
951 1173 1095 1233 spiffat
1120 1171 1188 1225 se,
1218 1172 1359 1217 modo
1380 1188 1459 1217 ex-

170 1245 323 1304 pandit
347 1256 390 1290 et
420 1259 604 1307 purgat:
638 1244 739 1290 alias
765 1244 1016 1300 contrahit,
1047 1244 1147 1289 alias
1178 1244 1373 1298 diducit,
1407 1260 1457 1289 ac

170 1315 326 1362 differt.
355 1318 455 1363 Hoc
473 1333 580 1378 ergo
600 1317 776 1363 interest
795 1318 908 1363 inter
926 1318 1026 1363 a'e'ra
1044 1329 1086 1362 et
1104 1330 1284 1362 ventum
1304 1349 1317 1368 ‚
1334 1317 1457 1376 quod

170 1386 282 1433 inter
302 1388 445 1433 lacum
467 1399 510 1431 et
527 1387 704 1433 flumen.
724 1387 973 1449 Aliquando
990 1403 1068 1449 per
1087 1386 1126 1431 se
1144 1387 1232 1448 ipse
1252 1385 1314 1431 sol
1333 1386 1455 1433 causa

169 1458 289 1504 venti
310 1458 371 1505 est
385 1493 400 1517 ,
428 1458 618 1506 fundens
634 1459 848 1522 rigentem
870 1458 970 1504 ae‘ra
986 1493 1002 1515 ‚
1037 1470 1079 1505 et
1095 1474 1151 1504 ex
1170 1457 1304 1505 denso
1323 1475 1453 1506 coac-

168 1542 304 1593 toque
322 1530 558 1593 explicans.

233 1605 331 1663 Vll.
349 1606 398 1649 In
414 1603 666 1651 universum
686 1603 740 1650 de
754 1603 900 1651 ventis
917 1602 1128 1649 diximus:
1147 1619 1266 1648 nunc
1283 1602 1452 1649 viritim

168 1675 430 1737 incipiemus
462 1675 559 1721 illos
583 1686 814 1738 excutere..
832 1675 1022 1721 Fortasse
1045 1675 1273 1737 apparebit
1295 1691 1452 1737 quem-

166 1748 408 1795 admodum
429 1747 554 1806 fiant‚
584 1748 614 1793 fi
638 1748 887 1810 apparuerit
901 1784 917 1805 ,
954 1749 1132 1811 quando
1148 1760 1191 1793 et
1211 1747 1326 1793 unde
1345 1765 1452 1809 pro·-

166 1824 336 1868 cedant.
368 1821 562 1867 Primum
581 1837 686 1884 ergo
708 1822 987 1868 antelucanos
1004 1820 1129 1867 flatus
1149 1820 1451 1882 inspiciamus,

166 1895 241 1959 qui
268 1908 342 1942 aut
376 1913 430 1942 ex
457 1895 743 1953 fluminibus,
774 1912 848 1942 aut
875 1913 931 1942 ex
957 1896 1232 1942 convallibus
1250 1930 1263 1952 ‚
1294 1912 1366 1942 aut
1393 1913 1450 1942 ex

165 1971 314 2033 aliquo
342 1968 433 2015 sinu
462 1969 671 2016 feruntur.
697 1970 851 2016 Nullus
872 1986 926 2016 ex
950 1971 1015 2016 his
1036 1969 1236 2031 pertinax
1264 1970 1348 2025 est,
1378 1969 1450 2016 sed

167 2042 283 2088 cadit
312 2041 500 2089 fortiore
533 2043 619 2088 iam
648 2043 736 2089 sole
766 2061 777 2089 ι
815 2060 896 2090 nec
931 2042 1066 2089 fertur
1096 2043 1204 2087 ultra
1232 2058 1448 2089 terrarum

164 2116 425 2177 adspectum.
459 2117 561 2162 Hoc
585 2129 822 2164 ventorum
855 2134 992 2180 genus
1017 2117 1170 2178 incipit
1198 2133 1332 2175 vere,
1365 2134 1448 2164 nec

164 2186 275 2234 ultra
306 2186 506 2234 aestatem
546 2189 681 2235 durat.
726 2192 778 2236 Et
816 2190 918 2236 inde
952 2190 1144 2235 maxime
1179 2190 1338 2244 venit,
1371 2190 1445 2236 ubi

163 2277 372 2324 aquarum
394 2261 629 2324 plurimum
647 2277 691 2309 et
710 2263 929 2310 montium
950 2255 1025 2310 est.
1044 2265 1171 2310 Plana
1192 2265 1293 2311 licet
1310 2266 1446 2310 abun-

164 2333 269 2379 dent
291 2333 438 2396 aquis,
459 2349 605 2384 tamen
638 2351 786 2385 carent
809 2352 910 2383 aura
931 2353 942 2383 ε
962 2336 1043 2383 hac
1070 2337 1200 2396 dico,
1233 2354 1343 2401 quae
1362 2353 1446 2400 pro

163 2418 304 2452 vento
330 2406 459 2454 valet«.

1088 2482 1132 2530 T
1168 2498 1197 2545 3,
