1730 2870
471 142 1050 209 EPISTOLAE.
1337 161 1398 205 99

125 250 310 310 definat‚
340 251 370 297 si
396 250 587 316 incipere
616 249 872 311 permiseris.
913 248 1145 295 Imbecillis
1163 247 1224 294 est
1255 248 1405 310 primo

126 326 270 372 omnis
301 323 509 380 attelaus,
549 323 704 368 deinde
741 322 830 384 ipse
859 322 898 368 se
925 323 1139 379 concitat,
1180 336 1222 368 et
1255 323 1400 377 vires,

127 400 231 444 dum
259 397 484 459 procedit,
511 410 658 457 parat:
681 395 922 441 excluditur
949 394 1140 451 facilius,
1171 413 1300 457 quam
1323 413 1404 441 ex-

128 470 310 536 pelliturt
337 470 452 528 Quis
481 483 605 531 negat
637 485 790 514 omnes
810 467 984 515 affeetus
1014 485 1036 514 a
1067 469 1257 532 quodam
1286 469 1406 532 quasi

128 542 311 588 naturali
341 541 476 588 fluere
502 542 746 603 principio?
773 557 918 588 curam
942 540 1068 588 nobis
1091 542 1224 588 nostri
1257 556 1407 588 natura

128 616 352 661 mandavit
380 632 390 660 ε
417 615 486 660 sed
517 616 617 660 huic
647 615 721 660 ubi
755 614 938 659 nimium
968 612 1215 671 indulseris,
1248 614 1406 659 vitium

128 688 200 735 est.
232 688 519 749 Voluptatem
549 699 696 733 natura
724 686 966 734 necessariis
995 688 1122 732 rebus
1149 686 1408 744 admiscuit,

129 777 219 807 non
248 773 292 805 ut
314 760 427 805 illam
462 764 725 820 peteremus,
753 758 823 804 sed
852 770 898 804 ut
925 774 1001 811 ea,
1025 757 1111 804 fine
1138 759 1296 821 quibus
1316 773 1409 803 non

130 834 354 897 possumus
382 833 566 888 vivere,
585 833 772 894 gratiora
802 832 929 878 nobis
951 833 1061 879 illius
1087 831 1250 879 faceret
1266 832 1409 878 acces-

132 908 192 953 sio
214 922 223 953 t
252 905 280 952 si
305 907 382 952 suo
402 907 549 952 veniat
570 906 688 957 iure,
715 904 881 961 luxuria
907 904 977 950 est.
1019 907 1136 967 Ergo
1154 901 1408 952 intrantibus

129 978 397 1026 refistamus:
434 977 532 1039 quia
574 974 768 1032 facilius,
793 986 839 1020 ut
865 974 985 1032 dixi,
1015 991 1104 1020 non
1136 974 1408 1037 recipiuntur

131 1068 262 1115 quam
297 1062 468 1096 exeunt.
497 1048 803 1109 Aliquatenus‚
834 1047 1006 1110 inquis,
1028 1047 1202 1104 dolere,
1238 1047 1409 1110 aliqua->-

131 1135 258 1170 tenus
289 1123 443 1167 timere
475 1121 688 1183 permitte.
724 1119 797 1166 sed
837 1120 944 1165 illud
982 1119 1246 1182 aliquatenus
1276 1121 1410 1183 longe

131 1195 421 1259 producitur,
443 1211 522 1240 nec
549 1194 626 1239 ubi
647 1193 735 1249 vis,
761 1193 917 1255 accipit
937 1192 1080 1238 finem.
1109 1192 1298 1254 Sapienti
1317 1210 1410 1239 non

130 1270 295 1315 solicite
323 1268 541 1333 custodire
571 1267 612 1313 se
643 1280 784 1313 tutum
814 1266 874 1312 est
905 1284 916 1311 :
948 1279 990 1312 et
1020 1266 1219 1312 lacrimas
1248 1267 1337 1312 suas
1366 1282 1410 1314 et

130 1344 401 1404 voluptates,
429 1341 503 1387 ubi
530 1340 652 1386 volet
671 1376 683 1397 ‚
715 1339 835 1386 sistet.
863 1339 1006 1385 Nobis
1030 1338 1131 1401 quia
1151 1355 1241 1384 non
1263 1340 1322 1385 est
1342 1357 1409 1386 re*

132 1415 253 1479 gredi
270 1414 395 1460 facile
408 1449 421 1469 ‚
442 1414 659 1476 optimum
678 1411 740 1458 est
757 1412 943 1458 omnino
961 1428 1050 1457 non
1071 1412 1287 1474 progredi.
1307 1413 1408 1459 Ele-

131 1500 278 1552 ganter
297 1487 407 1532 mihi
427 1486 601 1532 videtur
621 1485 842 1532 Panaetius
871 1483 1136 1547 respondisse
1154 1483 1379 1531 adolescen
1393 1509 1408 1518 -

133 1561 224 1606 tulo
255 1560 425 1605 cuidam
457 1556 713 1619 quaerenti,
743 1561 811 1602 Αη
833 1557 996 1618 sapiens
1027 1569 1246 1602 amaturus
1274 1556 1409 1603 effer?

135 1635 206 1680 De
235 1633 446 1695 sapiente,
476 1632 642 1695 inquit,
672 1630 919 1676 videbimus
951 1645 962 1674 :
993 1630 1100 1675 mihi
1128 1642 1169 1675 et
1197 1631 1304 1686 tibi,
1333 1631 1409 1693 qui

133 1709 273 1754 adhuc
307 1724 329 1753 a
357 1706 545 1768 sapiente
573 1706 702 1768 longe
731 1703 961 1759 absumus,
995 1720 1086 1749 non
1108 1703 1169 1750 est
1201 1707 1409 1752 commit-³-

135 1780 344 1834 tendum‚
376 1789 422 1825 ut
459 1778 699 1824 incidamus
725 1776 768 1821 in
806 1793 897 1822 rem
931 1791 1234 1834 commotam,
1264 1777 1409 1839 impo-

134 1864 294 1899 tentem
317 1883 330 1906 ‚
360 1850 483 1896 alteri
512 1848 848 1910 emancipatam,
878 1847 1012 1894 vilem
1042 1847 1129 1894 fibi.
1159 1848 1260 1895 Sive
1291 1850 1410 1896 enim

136 1940 216 1970 nos
248 1922 460 1985 respexit,
487 1920 753 1966 humanitate
784 1920 875 1966 eius
907 1919 1148 1976 irritamur;
1180 1920 1270 1967 five
1297 1936 1410 1967 con-⁴

134 1996 302 2054 temfit‚
334 1994 529 2057 superbia
563 1994 856 2041 accendimur.
891 1997 1041 2055 Aeque
1072 1994 1253 2041 facilitas
1282 2011 1409 2040 amo*

136 2070 192 2116 ris
208 2104 221 2125 ‚
249 2085 382 2131 quam
403 2067 631 2113 difficultas
657 2081 790 2113 nocet
810 2082 820 2112 ε
844 2066 1048 2112 facilitate
1066 2066 1286 2128 capimur,
1311 2084 1411 2114 cum

137 2140 390 2187 difficultate
420 2154 646 2186 certamus.
687 2142 834 2202 ltaque
863 2138 1027 2185 conscii
1056 2139 1183 2184 nobis
1212 2139 1411 2185 imbecile·

135 2212 263 2258 litatis
282 2211 451 2257 nostrae
471 2246 483 2266 ,
512 2210 795 2273 quiescamus.
826 2212 922 2257 Nec
942 2211 1051 2257 vino
1074 2209 1293 2257 infirm-um
1315 2213 1412 2259 ani⁶

135 2300 257 2332 ‘mum
294 2284 646 2339 committamus,
684 2301 765 2330 nec
798 2283 996 2341 formae,
1029 2298 1109 2329 nec
1138 2282 1413 2343 adulationi,

139 2377 219 2406 nec
248 2359 347 2405 ullis
371 2358 499 2403 rebus
525 2355 680 2403 blande
714 2355 991 2403 trahentibus.
1025 2356 1164 2415 Quod
1189 2357 1430 2405 Panaetius

138 2435 194 2481 de
212 2447 362 2480 amore
388 2432 611 2496 quaerenti
633 2429 886 2495 respondit,
916 2431 1004 2476 hoc
1028 2445 1112 2491 ego
1130 2429 1190 2476 'de
1207 2431 1414 2478 omnibus

549 2500 555 2505 ⁶
1042 2503 1085 2547 G
1126 2520 1150 2547 ι
