1730 2870
366 90 633 142 NATUR.
675 90 983 154 QUAEST.
1031 92 1150 139 ιιΒ.
1186 96 1259 143 ιιι.
1363 111 1453 162 257

175 196 422 247 Edit'iffimis
455 199 696 263 quibusque
726 199 1014 246 adhaerebant
1050 199 1257 264 reliquiae
1287 203 1457 264 generis

174 274 378 320 humani:
402 273 558 336 quibus
577 272 621 319 in
642 285 835 318 extrema
856 273 1098 335 perduffis,
1119 273 1206 320 hoc
1223 291 1359 321 unum.
1384 276 1455 323 so-

173 346 280 392 latio
311 342 418 401 fuit,
448 346 567 406 quod
595 345 816 391 transierat
848 346 891 391 in
924 345 1146 408 stuporem
1180 362 1333 396 metus.
1362 363 1455 397 non

173 419 353 464 vacabat
380 418 536 464 timere
573 417 829 464 mirantibus
851 436 861 464 :
883 435 936 464 ne
959 418 1092 464 dolor
1117 421 1293 482 quidem
1323 422 1456 470 habe-¹·

171 489 242 537 bat
263 491 422 538 locum.
451 492 631 553 Quippe
651 492 883 540 vim·suam
910 494 1052 555 perdit
1075 495 1118 539 in
1145 512 1228 553 eo,
1247 497 1325 559 qui
1348 498 1457 543 ultra

171 562 339 609 sensum
372 564 473 609 mali
503 564 633 610 miser
657 563 731 609 est.
762 566 882 627 Ergo
914 565 1148 611 insularum
1176 570 1316 615 modo
1345 571 1458 618 emi-

168 651 274 682 nent
300 650 496 692 montes,
525 650 569 683 et
596 637 756 699 sparsas
779 637 1001 701 Cycladas
1025 649 1209 700 augent,
1238 655 1286 686 ut
1305 642 1363 687 ait
1383 642 1455 691 ille

167 709 401 770 po'e'tarum
438 709 798 773 ingeniosiffimus
834 710 1042 773 egregie,
1078 710 1187 759 ficut
1223 713 1330 761 illud
1367 730 1453 778 pro

168 783 471 846 magnitudine
491 782 554 830 rei
567 783 702 830 dixitz

233 896 391 941 Omnia
413 909 571 956 pomus
591 911 675 941 erat
691 913 707 940 .·
724 897 888 940 deerant
906 911 1057 957 quoque
1075 896 1201 942 litora
1221 914 1369 959 ponto.

166 1000 244 1048 nifi
263 1014 431 1048 tantum
458 1002 671 1066 impetum
699 1003 862 1069 ingenii
887 1017 930 1053 et
957 1007 1162 1054 materiae
1182 1008 1236 1055 ad
1259 1009 1446 1072 pueriles

163 1075 348 1139 ineptias
371 1076 619 1125 reduxissen

228 1190 323 1233 Nat
343 1193 463 1250 lupus
485 1191 594 1235 inter
611 1208 704 1236 oves
719 1225 732 1247 ,
741 1191 893 1248 fulvos
911 1192 1020 1237 vehit
1035 1193 1150 1236 unda
1168 1194 1316 1237 leones.

160 1287 269 1338 Non
285 1291 346 1338 est
370 1309 436 1339 tes
459 1292 556 1340 satis
573 1293 716 1340 sobria
731 1328 745 1351 ,
761 1293 956 1341 lascivire
981 1294 1199 1341 devorato
1221 1293 1330 1339 orbe
1350 1305 1445 1340 ter·

159 1377 322 1414 rarum,
346 1367 480 1414 Dixit
509 1367 697 1431 ingentia
714 1398 728 1422 ,
753 1380 797 1414 et
819 1380 959 1415 tantae
989 1367 1259 1416 confufionis
1283 1367 1441 1432 imagis

159 1455 259 1484 nem
284 1442 427 1502 cepit,
451 1456 552 1486 cum
579 1440 720 1486 dixit:

224 1546 482 1604 Exspatiata
503 1561 628 1592 ruunt
642 1564 719 1606 per
733 1561 890 1606 apertos
895 1547 1090 1609 flumina
1112 1548 1292 1606 camposi

403 1618 634 1683 Preffaeque
655 1622 799 1664 larbam
810 1620 893 1679 fifh
916 1620 1073 1681 gurgite
1102 1628 1241 1665 turresa

157 1723 392 1789 Magnifice
411 1726 522 1783 hoc,
544 1725 572 1770 fi
594 1742 682 1771 non
709 1725 906 1780 curavit,
930 1717 1039 1786 quid
1065 1740 1175 1772 oves
1192 1738 1235 1769 et
1253 1714 1343 1784 Iupi
1367 1722 1436 1769 fa-s'

155 1797 286 1844 ciant.
314 1797 465 1845 Natari
499 1811 643 1844 autem
673 1798 717 1843 in
743 1798 912 1845 diluvio
940 1809 983 1843 et
1009 1796 1054 1842 in
1084 1796 1154 1841 illa
1179 1793 1327 1857 rapina
1347 1811 1436 1857 po-‘2

155 1869 266 1917 test?
287 1883 357 1917 aut
377 1885 467 1915 non
493 1868 652 1916 eodem
671 1868 837 1930 impetu
866 1883 997 1931 pecus
1026 1885 1179 1924 omne,
1214 1884 1305 1931 quo
1332 1884 1436 1931 rap-³

154 1955 248 1989 tum
274 1954 390 1999 erat,
416 1942 601 1988 mersum
633 1941 721 1988 est?
753 1941 1005 2004 Concepisti
1032 1941 1264 2004 imaginem
1292 1958 1433 2005 quan-

154 2028 241 2062 tam
267 2017 478 2070 debebas,
500 2014 667 2062 obrutis
698 2015 903 2062 omnibus
927 2014 1078 2072 terris,
1107 2015 1235 2062 coelo
1259 2015 1353 2077 ipso
1384 2015 1433 2061 in

152 2102 311 2137 terram
340 2101 503 2137 ruente.
526 2089 684 2138 Perfer.
714 2090 830 2138 Scies
849 2090 957 2154 quid
987 2091 1169 2148 deceat,
1202 2090 1233 2135 fi
1259 2090 1432 2153 cogita-

151 2163 267 2210 veris
294 2162 452 2209 orbem
481 2173 692 2210 terrarum
718 2176 877 2212 natare.
906 2164 1037 2210 Nunc
1069 2162 1124 2210 ad
1150 2162 1432 2227 propositum

149 2247 436 2282 revertamur.

213 2307 426 2355 XXVIII.
447 2309 552 2355 Sunt
567 2308 643 2372 qui
661 2307 906 2356 existiment
918 2343 931 2366 ,
951 2299 1200 2355 immodicis
1215 2306 1430 2356 imbribus

149 2381 302 2430 vexari
321 2394 455 2430 terras
473 2383 623 2445 posse,
648 2399 739 2430 non
755 2382 900 2430 obrui.
923 2384 1088 2447 Magno
1108 2382 1278 2444 impetu
1300 2398 1427 2447 mag-³

211 2455 260 2504 L.
289 2457 414 2504 Arm.
440 2459 609 2504 Seneca.
638 2459 729 2505 Vol,
753 2457 781 2501 I
786 2458 832 2502 V
827 2488 842 2506 0
1157 2457 1198 2502 R
