1730 2870
532 160 1136 207 EPISTOLA‘E.
1421 175 1480 223 39

201 267 264 317 'At
281 268 352 316 ille
380 266 457 332 qui
486 268 689 330 regiones
713 266 859 330 eligit,
886 281 928 314 et
950 266 1093 314 otium
1125 277 1297 329 captat,
1316 266 1482 330 ubique

199 360 292 406 quo
325 342 604 405 distringatur
629 342 836 388 inveniet.
864 342 979 386 Nam
1008 344 1233 388 Socratem
1257 340 1482 404 quaerenti

198 416 397 472 cuidam,
418 415 538 476 quod
560 414 664 460 nihil
686 414 763 459 fibi
793 414 1166 477 peregrinationes
1191 412 1480 475 profuissent,

194 487 460 550 respondisse
486 487 630 534 ferunt
654 505 664 533 ε
697 489 802 533 Non
823 488 1046 535 immerito
1074 489 1161 536 hoc
1181 488 1260 535 tibi
1289 488 1470 534 evenit:

199 574 343 607 tecum
373 562 490 607 enim
523 561 882 624 peregrinabat-is.
908 562 953 607 O
973 577 1103 624 quam
1130 562 1239 608 bene
1260 578 1359 608 cum
1379 559 1481 624 qui-

199 633 380 680 busdam
407 646 633 695 ageretur,
653 634 678 678 fi
701 650 726 679 a
751 632 792 679 se
822 633 1093 680 aberrarent!
1122 635 1251 680 Nunc
1270 632 1398 695 primi
1418 632 1480 679 se-

198 705 315 767 ipsos
344 705 603 761 sollicitant,
632 718 943 768 corrumpunt,
979 705 1193 752 territant.
1224 705 1345 765 Quid
1372 720 1479 767 pro-

199 778 290 824 dest
309 795 427 824 mare
446 778 642 824 traiicere
657 813 669 835 ,
691 790 734 824 et
756 778 882 823 urbes
901 775 1099 823 mutare?
1122 776 1151 822 si
1173 775 1242 823 vis
1260 776 1334 822 ista
1348 812 1360 834 ,
1378 776 1478 840 qui-

198 850 278 896 bus
295 852 464 913 urgeris
479 886 491 907 ,
517 849 729 913 effugere,
752 865 841 895 non
862 850 961 896 alibi
980 849 1031 896 x‘is
1044 861 1247 912 oportet,
1270 849 1340 896 sed
1358 849 1478 895 alius.

196 924 306 969 Puta
332 923 494 970 veniffe
515 937 557 969 te
591 923 781 968 Athenas
799 957 812 979 ‚
847 933 949 984 puta
981 923 1176 968 Rhodon
1196 940 1207 968 ε
1231 922 1340 985 elige
1360 921 1476 968 arbi-

196 995 284 1042 trio
310 1009 389 1041 tuo
410 996 632 1041 civitatem
657 1012 666 1039 :
694 994 801 1058 quid
828 994 883 1040 ad
909 1011 1001 1040 rem
1027 994 1237 1056 pertinet,
1273 1010 1385 1056 quos
1404 994 1476 1041 illa

199 1085 346 1115 mores
371 1068 687 1114 habeat?'tuos
719 1066 885 1113 afferes.
918 1066 1111 1114 Divitias
1145 1066 1356 1114 iudicabis
1388 1067 1475 1114 bo,-

196 1159 222 1187 n
232 1146 336 1187 um?
365 1141 589 1203 torquebit
613 1156 655 1186 te
674 1152 925 1202 paupertas,
957 1151 1000 1187 et
1033 1139 1183 1204 (quod
1206 1140 1267 1188 est
1285 1140 1475 1188 miserri-

195 1212 348 1278 mum)
381 1213 495 1260 falsa.
529 1213 746 1274 Quamvis
778 1212 895 1259 enim
928 1213 1112 1260 multum
1138 1213 1379 1277 poffideas,
1411 1227 1477 1261 ta-

195 1305 298 1334 men
317 1287 417 1351 quia
434 1287 585 1350 aliquis
613 1288 706 1348 plus
729 1285 860 1332 habet
875 1318 889 1341 ,
916 1298 1042 1333 tanto
1067 1285 1147 1332 tibi
1166 1285 1383 1334 videberis
1402 1288 1476 1333 de-

193 1360 292 1416 fici,
314 1370 478 1423 quanto
496 1358 699 1404 vinceris.
718 1359 925 1404 Honores
946 1357 1114 1406 iudicas
1130 1358 1298 1405 bonum
1316 1358 1335 1406 ἓ
1362 1358 1474 1406 male

194 1446 236 1480 te
267 1433 445 1480 habebit
484 1433 558 1479 ille
594 1432 745 1479 consul
778 1432 939 1492 factus,
972 1433 1043 1480 ille
1074 1431 1203 1481 etiam
1238 1433 1426 1481 refeElus
1459 1449 1472 1477 :

192 1507 405 1570 fingeris,
441 1506 613 1570 quoties
655 1505 846 1569 aliquem
873 1506 919 1553 in
954 1506 1069 1554 fastis
1103 1506 1272 1571 saepius
1304 1507 1473 1571 legeris.

190 1580 359 1626 Tantus
386 1579 468 1625 erit
495 1577 746 1625 ambitionis
781 1579 931 1637 furor,
964 1592 1014 1626 ut
1033 1596 1168 1625 nemo
1192 1579 1271 1626 tibi
1303 1578 1400 1642 post
1427 1593 1472 1626 te

192 1652 418 1709 videatur,
439 1651 469 1697 fi
499 1652 650 1716 aliquis
679 1665 777 1698 ante
805 1664 847 1698 te
878 1652 1019 1700 fuerit.
1042 1651 1285 1698 Maxi-mum
1305 1651 1469 1697 malum

194 1726 403 1774 iudicabis
436 1740 627 1773 mortem
653 1745 664 1774 :
697 1744 796 1774 cum
821 1728 866 1773 in
898 1728 968 1774 illa
994 1728 1097 1774 nihil
1123 1728 1173 1774 fit
1198 1726 1331 1782 mali,
1366 1726 1465 1784 nisi,

193 1799 318 1860 quod
359 1810 456 1845 ante
488 1799 622 1861 ipsam
656 1798 749 1856 est,
787 1799 941 1846 timeri.
972 1799 1263 1846 Exterrebunt
1295 1811 1337 1846 te
1375 1816 1466 1845 non

192 1882 359 1917 tantum
379 1870 597 1934 pericula,
624 1872 696 1919 sed
719 1872 984 1934 suspiciones
1004 1889 1015 1916 :
1040 1872 1162 1921 vanis
1182 1872 1350 1935 semper
1373 1872 1465 1935 agi-

190 1944 361 1991 taberis.
392 1944 514 2004 Quid
539 1944 655 1992 enim
687 1945 918 2007 proderit,

668 2051 823 2117 evafiffi
852 2069 913 2099 tot
941 2056 1057 2099 urbes
1110 2091 1113 2099 .

256 2125 480 2187 Argolicas
497 2159 512 2183 ,
533 2126 758 2187 mediosque
775 2127 930 2189 fugam
961 2125 1131 2191 tenuiffi
1142 2143 1216 2188 per
1236 2126 1358 2192 hostes
1373 2128 1399 2172 ἓ

191 2231 283 2293 Ipsa
309 2247 392 2293 pax
418 2229 597 2279 timores
616 2232 962 2281 subministrabit.
989 2251 1043 2280 ne
1060 2233 1161 2280 tutis
1183 2234 1365 2297 quidem
1385 2233 1463 2280 ha-

189 2305 364 2351 bebitur
393 2304 528 2363 fides,
565 2297 835 2354 con‘sternata
869 2309 999 2355 semel
1034 2321 1210 2354 menter
1247 2324 1357 2371 quae
1386 2306 1464 2354 ubi

188 2378 545 2427 consuetudinem
582 2382 764 2443 pavoris
804 2382 1043 2444 improvidi
1077 2383 1207 2441 fecit,
1243 2383 1372 2430 etiam
1408 2384 1463 2430 ad

190 2451 369 2498 tutelam
389 2451 537 2499 salutis·
551 2451 648 2500 suae
664 2453 861 2502 inhabilis
883 2455 956 2506 est.
980 2458 1086 2503 Non
1105 2457 1220 2501 enim
1244 2456 1375 2516 vitat,
1390 2456 1464 2504 sed

1102 2527 1142 2573 C
1180 2547 1205 2582 4
