1730 2870
232 147 324 194 344
389 131 437 179 L.
459 130 601 178 ANN.
628 129 756 176 SEN.
788 129 930 177 NAT.
958 131 1214 191 QUAEST.
1241 132 1289 178 L.
1308 132 1389 191 VL

230 237 397 295 Lucili,
419 248 573 285 contra
596 247 765 284 metum
785 236 957 284 mortis.
978 237 1065 284 Hic
1083 236 1145 284 est
1168 236 1244 301 qui
1270 254 1350 286 nos
1368 235 1518 286 humi-a

229 312 288 360 les
306 312 441 359 facit:
468 311 539 359 hic
557 310 618 358 est
636 311 715 374 qui
731 310 865 374 ipsam
886 311 1050 366 vitam,
1072 312 1143 359 cui
1163 312 1325 376 parcit,
1347 311 1519 375 inquie-

231 395 291 431 tat
314 400 363 431 ac
385 382 541 445 perdit.
568 383 655 429 Hic
679 382 829 429 omnia
860 381 936 429 ista
969 383 1139 442 dilatat,
1165 397 1379 431 terrarum
1411 380 1529 429 nio-¹

230 472 299 505 tus
315 494 329 514 ‚
347 470 391 506 et
410 457 606 504 fulmina.
626 459 752 518 Quae
774 457 923 504 omnia
943 457 1054 505 feres
1077 458 1322 506 constanter
1338 494 1351 517 ‚
1386 457 1415 504 fi
1437 473 1518 506 co-

230 529 440 594 gitaveris
459 529 568 576 nihil
590 528 791 577 interesse
810 529 924 576 inter
940 530 1144 594 exiguum
1166 543 1337 594 tempus
1356 546 1399 579 et
1418 531 1522 577 lon-

230 604 522 666 gum.'H0rae
540 603 636 649 sunt
654 619 758 666 quas
785 602 1023 665 perdimus.
1051 606 1155 651 Puta
1175 604 1269 651 dies
1289 603 1390 662 effe,
1413 615 1520 666 puta

233 675 429 734 menses,
452 687 555 738 puta
581 692 749 723 annos:
773 676 997 738 perdimus
1021 676 1141 733 illos,
1167 693 1324 740 nempe
1352 677 1520 739 peritu-

235 764 324 794 ros.
347 749 470 813 Quid
485 785 499 807 ‚
522 765 607 796 oro
624 761 669 796 te
684 783 698 807 ‚
724 747 856 794 refert
870 784 882 806 ‚
904 765 1020 796 nunc
1040 749 1294 812 perveniam
1315 749 1368 795 ad
1389 749 1522 796 illos?

236 819 336 866 fluit
360 835 533 885 tempus
553 855 566 876 ,
598 833 641 868 et
675 820 947 867 avidiffimos
977 821 1039 868 sui
1067 821 1238 869 deserit.
1275 823 1369 869 Nec
1400 821 1523 885 quod

236 893 433 940 futurum
454 892 516 940 est
539 910 689 940 meum
707 892 771 938 est
785 929 801 950 ,
832 909 912 939 nec
932 893 1054 956 quod
1074 893 1170 942 fuit.
1200 897 1247 940 In
1269 894 1434 957 pun&0
1456 892 1527 938 fit-2

236 968 397 1030 giezitis
433 969 646 1032 temporis
679 968 882 1032 pendeo:
919 983 962 1015 et
995 968 1143 1031 magni
1169 967 1256 1026 est,
1295 968 1523 1014 modicum

239 1041 376 1089 fuisse.
405 1043 632 1106 Eleganter
658 1041 828 1088 Laelius
847 1042 919 1088 ille
944 1041 1110 1105 sapiens
1133 1039 1297 1088 dicenti
1317 1041 1490 1088 cuidam
1506 1076 1523 1097 ,

239 1116 469 1178 Sexaginta
493 1132 634 1163 annos
653 1115 824 1163 habeo:
856 1116 977 1173 Hos,
1005 1115 1174 1178 inquit,
1197 1114 1304 1162 dicis
1326 1114 1524 1178 sexagin-

240 1201 282 1236 ta
301 1225 314 1246 ‚
337 1207 449 1252 quos
473 1206 562 1236 non
581 1190 745 1237 habes?
767 1189 835 1237 Ne
857 1206 913 1236 ex
934 1190 1026 1236 hoc*
1038 1188 1216 1252 quidem
1242 1188 1531 1252 intelligimus
1586 1225 1590 1228 ,
1650 1188 1653 1189 ’

240 1261 690 1323 incomprehensibilis
709 1262 826 1310 vitae
849 1261 1155 1308 conditionem
1170 1275 1214 1307 et
1232 1260 1391 1307 sortem
1413 1272 1525 1306 tem-

240 1333 362 1396 poris
383 1332 554 1396 semper
574 1333 730 1391 alieni,
749 1333 871 1396 quod
890 1349 1030 1379 annos
1046 1347 1384 1378 annumeramus
1400 1330 1528 1378 amis-

241 1405 322 1452 sos,
354 1406 456 1453 Hoc
474 1406 697 1468 affigamus
722 1406 898 1461 animo,
930 1406 1019 1451 hoe
1042 1404 1169 1451 nobis
1198 1403 1378 1450 subinde
1404 1403 1526 1450 dica-

241 1494 367 1524 mus:
390 1476 673 1525 Moriendum
698 1477 770 1524 est.
798 1477 1025 1537 Quando?
1045 1476 1168 1536 Quid
1186 1479 1286 1522 tua?
1312 1477 1436 1521 Mors
1453 1491 1528 1521 na-

242 1565 366 1598 turae
384 1550 459 1601 lex
472 1549 533 1597 est
546 1583 561 1606 ,
587 1566 709 1597 mors
726 1549 936 1597 tributum
955 1549 1242 1612 officiumque
1259 1548 1528 1606 mortalium,

243 1625 551 1683 malorumque
571 1623 771 1670 omnium
800 1622 1043 1669 remedium
1063 1622 1137 1668 est.
1169 1621 1355 1684 Optabit
1374 1621 1488 1667 illam
1508 1656 1526 1679 ‚

241 1696 438 1759 quisquis
455 1695 590 1743 timet.
608 1695 835 1742 Omnibus
854 1693 1018 1741 omiffis
1033 1730 1046 1750 ‚
1066 1694 1155 1741 hoc
1172 1712 1307 1741 unum
1323 1731 1336 1752 ,
1355 1694 1524 1752 Lucili,

243 1769 482 1827 meditare,
509 1786 564 1816 ne
585 1768 740 1815 mortis
765 1783 928 1814 nomen
947 1767 1237 1815 reformides:
1263 1768 1388 1816 effice
1407 1768 1524 1814 illam

243 1841 320 1887 tibi
353 1841 619 1904 cogitatione
653 1840 787 1887 multa
818 1839 1104 1890 familiarem:
1126 1851 1175 1889 ut
1204 1840 1236 1888 fi>
1265 1840 1323 1890 ita
1349 1839 1526 1899 tulerit„

244 1914 377 1979 poffis
396 1915 458 1965 illi
479 1914 549 1965 vel
567 1914 751 1964 obviam
781 1914 916 1962 exire..
