<?xml version="1.0" encoding="UTF-8"?>
<!DOCTYPE html PUBLIC "-//W3C//DTD XHTML 1.0 Transitional//EN"
    "http://www.w3.org/TR/xhtml1/DTD/xhtml1-transitional.dtd">
<html xmlns="http://www.w3.org/1999/xhtml" xml:lang="en" lang="en">
 <head>
  <title>
</title>
<meta http-equiv="Content-Type" content="text/html;charset=utf-8" />
  <meta name='ocr-system' content='tesseract 3.04.00' />
  <meta name='ocr-capabilities' content='ocr_page ocr_carea ocr_par ocr_line ocrx_word'/>
</head>
<body>
  <div class='ocr_page' id='page_1' title='image "./lannaeisenecaeph04seneuoft_0170.png"; bbox 0 0 1730 2870; ppageno 0'>
   <div class='ocr_carea' id='block_1_1' title="bbox 227 115 1266 176">
    <p class='ocr_par' dir='ltr' id='par_1_1' title="bbox 227 115 1266 176">
     <span class='ocr_line' id='line_1_1' title="bbox 227 115 1266 176; baseline -0.004 -11"><span class='ocrx_word' id='word_1_1' title='bbox 227 119 314 176; x_wconf 85' lang='lat'>164</span> <span class='ocrx_word' id='word_1_2' title='bbox 446 117 493 162; x_wconf 84' lang='lat' dir='ltr'>L.</span> <span class='ocrx_word' id='word_1_3' title='bbox 554 115 857 161; x_wconf 42' lang='lat' dir='ltr'>Anni-iai</span> <span class='ocrx_word' id='word_1_4' title='bbox 909 115 1266 161; x_wconf 77' lang='lat' dir='ltr'>SENECAE</span> 
     </span>
    </p>
   </div>
   <div class='ocr_carea' id='block_1_2' title="bbox 163 300 1505 2481">
    <p class='ocr_par' dir='ltr' id='par_1_2' title="bbox 183 300 1502 734">
     <span class='ocr_line' id='line_1_2' title="bbox 221 300 1499 367; baseline 0.001 -17"><span class='ocrx_word' id='word_1_5' title='bbox 221 304 305 361; x_wconf 76' lang='lat' dir='ltr'>tis,</span> <span class='ocrx_word' id='word_1_6' title='bbox 338 301 499 364; x_wconf 70' lang='lat' dir='ltr'>singula</span> <span class='ocrx_word' id='word_1_7' title='bbox 534 300 704 362; x_wconf 68' lang='lat' dir='ltr'>specuia</span> <span class='ocrx_word' id='word_1_8' title='bbox 737 300 850 346; x_wconf 75' lang='lat' dir='ltr'>effe:</span> <span class='ocrx_word' id='word_1_9' title='bbox 884 317 905 346; x_wconf 87' lang='lat' dir='ltr'>a</span> <span class='ocrx_word' id='word_1_10' title='bbox 939 301 1109 364; x_wconf 82' lang='lat' dir='ltr'>singulis</span> <span class='ocrx_word' id='word_1_11' title='bbox 1128 319 1235 366; x_wconf 82' lang='lat' dir='ltr'>ergo</span> <span class='ocrx_word' id='word_1_12' title='bbox 1266 302 1499 367; x_wconf 80' lang='lat' dir='ltr'>imaginem</span> 
     </span>
     <span class='ocr_line' id='line_1_3' title="bbox 219 372 1502 436; baseline 0 -12"><span class='ocrx_word' id='word_1_13' title='bbox 219 377 344 424; x_wconf 83' lang='lat' dir='ltr'>reddi</span> <span class='ocrx_word' id='word_1_14' title='bbox 373 375 487 421; x_wconf 78' lang='lat' dir='ltr'>solis.</span> <span class='ocrx_word' id='word_1_15' title='bbox 516 374 672 419; x_wconf 79' lang='lat' dir='ltr'>deinde</span> <span class='ocrx_word' id='word_1_16' title='bbox 695 373 849 419; x_wconf 83' lang='lat' dir='ltr'>multas</span> <span class='ocrx_word' id='word_1_17' title='bbox 867 372 1075 436; x_wconf 76' lang='lat' dir='ltr'>imagines</span> <span class='ocrx_word' id='word_1_18' title='bbox 1091 409 1104 433; x_wconf 93' lang='lat'>,</span> <span class='ocrx_word' id='word_1_19' title='bbox 1133 375 1274 423; x_wconf 88' lang='lat' dir='ltr'>immo</span> <span class='ocrx_word' id='word_1_20' title='bbox 1297 376 1502 424; x_wconf 84' lang='lat' dir='ltr'>innume·</span> 
     </span>
     <span class='ocr_line' id='line_1_4' title="bbox 218 444 1500 509; baseline 0.001 -12"><span class='ocrx_word' id='word_1_21' title='bbox 218 450 373 498; x_wconf 74' lang='lat' dir='ltr'>rabiles</span> <span class='ocrx_word' id='word_1_22' title='bbox 391 484 403 507; x_wconf 87' lang='lat'><strong>,</strong></span> <span class='ocrx_word' id='word_1_23' title='bbox 431 460 471 494; x_wconf 87' lang='lat' dir='ltr'>et</span> <span class='ocrx_word' id='word_1_24' title='bbox 493 447 706 502; x_wconf 79' lang='lat' dir='ltr'>devexas,</span> <span class='ocrx_word' id='word_1_25' title='bbox 735 444 840 501; x_wconf 84' lang='lat' dir='ltr'>etin</span> <span class='ocrx_word' id='word_1_26' title='bbox 864 462 1067 509; x_wconf 84' lang='lat' dir='ltr'>praeceps</span> <span class='ocrx_word' id='word_1_27' title='bbox 1098 448 1364 497; x_wconf 87' lang='lat' dir='ltr'>transeuntes</span> <span class='ocrx_word' id='word_1_28' title='bbox 1389 467 1500 498; x_wconf 90' lang='lat' dir='ltr'>con-</span> 
     </span>
     <span class='ocr_line' id='line_1_5' title="bbox 220 519 1502 586; baseline 0.002 -16"><span class='ocrx_word' id='word_1_29' title='bbox 220 523 345 570; x_wconf 70' lang='lat' dir='ltr'>fundi</span> <span class='ocrx_word' id='word_1_30' title='bbox 366 540 377 568; x_wconf 91' lang='lat'><strong>:</strong></span> <span class='ocrx_word' id='word_1_31' title='bbox 403 523 546 585; x_wconf 73' lang='lat' dir='ltr'>itaque</span> <span class='ocrx_word' id='word_1_32' title='bbox 572 531 615 566; x_wconf 87' lang='lat' dir='ltr'>et</span> <span class='ocrx_word' id='word_1_33' title='bbox 638 536 784 566; x_wconf 86' lang='lat' dir='ltr'>arcum</span> <span class='ocrx_word' id='word_1_34' title='bbox 807 519 892 566; x_wconf 77' lang='lat' dir='ltr'>effe</span> <span class='ocrx_word' id='word_1_35' title='bbox 911 520 1148 567; x_wconf 72' lang='lat' dir='ltr'>multarum</span> <span class='ocrx_word' id='word_1_36' title='bbox 1174 521 1412 586; x_wconf 84' lang='lat' dir='ltr'>imaginum</span> <span class='ocrx_word' id='word_1_37' title='bbox 1431 524 1502 571; x_wconf 92' lang='lat' dir='ltr'>so-</span> 
     </span>
     <span class='ocr_line' id='line_1_6' title="bbox 217 593 1500 660; baseline 0.001 -17"><span class='ocrx_word' id='word_1_38' title='bbox 217 597 267 644; x_wconf 76' lang='lat' dir='ltr'>lis</span> <span class='ocrx_word' id='word_1_39' title='bbox 287 595 602 642; x_wconf 69' lang='lat' dir='ltr'>confusionem.</span> <span class='ocrx_word' id='word_1_40' title='bbox 622 595 721 639; x_wconf 83' lang='lat' dir='ltr'>Hoc</span> <span class='ocrx_word' id='word_1_41' title='bbox 747 593 804 639; x_wconf 88' lang='lat' dir='ltr'>fic</span> <span class='ocrx_word' id='word_1_42' title='bbox 823 593 1047 656; x_wconf 74' lang='lat' dir='ltr'>colligunt.</span> <span class='ocrx_word' id='word_1_43' title='bbox 1067 594 1218 641; x_wconf 83' lang='lat' dir='ltr'>Pelves</span> <span class='ocrx_word' id='word_1_44' title='bbox 1232 629 1247 652; x_wconf 91' lang='lat'><strong><em>,</em></strong></span> <span class='ocrx_word' id='word_1_45' title='bbox 1272 596 1500 660; x_wconf 88' lang='lat' dir='ltr'>inquiunt,</span> 
     </span>
     <span class='ocr_line' id='line_1_7' title="bbox 183 665 1500 734; baseline 0.001 -19"><span class='ocrx_word' id='word_1_46' title='bbox 183 732 186 734; x_wconf 73' lang='lat'>.</span> <span class='ocrx_word' id='word_1_47' title='bbox 222 669 342 715; x_wconf 72' lang='lat' dir='ltr'>mille</span> <span class='ocrx_word' id='word_1_48' title='bbox 367 668 436 713; x_wconf 83' lang='lat' dir='ltr'>die</span> <span class='ocrx_word' id='word_1_49' title='bbox 455 666 608 714; x_wconf 83' lang='lat' dir='ltr'>sereno</span> <span class='ocrx_word' id='word_1_50' title='bbox 629 681 771 728; x_wconf 83' lang='lat' dir='ltr'>pone,</span> <span class='ocrx_word' id='word_1_51' title='bbox 792 676 834 711; x_wconf 86' lang='lat' dir='ltr'>et</span> <span class='ocrx_word' id='word_1_52' title='bbox 855 680 1011 711; x_wconf 82' lang='lat' dir='ltr'>omnes</span> <span class='ocrx_word' id='word_1_53' title='bbox 1031 665 1250 712; x_wconf 87' lang='lat' dir='ltr'>habebunt</span> <span class='ocrx_word' id='word_1_54' title='bbox 1268 666 1500 731; x_wconf 79' lang='lat' dir='ltr'>imaginem</span> 
     </span>
    </p>

    <p class='ocr_par' dir='ltr' id='par_1_3' title="bbox 163 736 1505 2481">
     <span class='ocr_line' id='line_1_8' title="bbox 219 736 1503 802; baseline 0 -15"><span class='ocrx_word' id='word_1_55' title='bbox 219 740 329 787; x_wconf 71' lang='lat' dir='ltr'>solis.</span> <span class='ocrx_word' id='word_1_56' title='bbox 354 739 399 785; x_wconf 89' lang='lat' dir='ltr'>in</span> <span class='ocrx_word' id='word_1_57' title='bbox 429 738 604 802; x_wconf 62' lang='lat' dir='ltr'>singulis</span> <span class='ocrx_word' id='word_1_58' title='bbox 640 736 758 783; x_wconf 77' lang='lat' dir='ltr'>foliis</span> <span class='ocrx_word' id='word_1_59' title='bbox 794 737 977 798; x_wconf 82' lang='lat' dir='ltr'>dispone</span> <span class='ocrx_word' id='word_1_60' title='bbox 1006 737 1190 800; x_wconf 81' lang='lat' dir='ltr'>singulas</span> <span class='ocrx_word' id='word_1_61' title='bbox 1221 749 1392 801; x_wconf 85' lang='lat' dir='ltr'>guttas:</span> <span class='ocrx_word' id='word_1_62' title='bbox 1419 740 1503 788; x_wconf 84' lang='lat' dir='ltr'>fin-</span> 
     </span>
     <span class='ocr_line' id='line_1_9' title="bbox 220 810 1502 877; baseline 0.001 -19"><span class='ocrx_word' id='word_1_63' title='bbox 220 813 342 876; x_wconf 73' lang='lat' dir='ltr'>gnlae</span> <span class='ocrx_word' id='word_1_64' title='bbox 360 812 579 858; x_wconf 68' lang='lat' dir='ltr'>habebunt</span> <span class='ocrx_word' id='word_1_65' title='bbox 595 812 830 873; x_wconf 76' lang='lat' dir='ltr'>imaginem</span> <span class='ocrx_word' id='word_1_66' title='bbox 848 810 959 877; x_wconf 79' lang='lat' dir='ltr'>solis.</span> <span class='ocrx_word' id='word_1_67' title='bbox 975 812 1036 856; x_wconf 80' lang='lat' dir='ltr'>At</span> <span class='ocrx_word' id='word_1_68' title='bbox 1053 822 1205 857; x_wconf 85' lang='lat' dir='ltr'>contra</span> <span class='ocrx_word' id='word_1_69' title='bbox 1221 811 1373 876; x_wconf 88' lang='lat' dir='ltr'>ingens</span> <span class='ocrx_word' id='word_1_70' title='bbox 1388 812 1502 877; x_wconf 85' lang='lat' dir='ltr'>stag-</span> 
     </span>
     <span class='ocr_line' id='line_1_10' title="bbox 220 884 1503 948; baseline -0.001 -15"><span class='ocrx_word' id='word_1_71' title='bbox 220 903 327 933; x_wconf 77' lang='lat' dir='ltr'>num</span> <span class='ocrx_word' id='word_1_72' title='bbox 350 902 441 932; x_wconf 86' lang='lat' dir='ltr'>non</span> <span class='ocrx_word' id='word_1_73' title='bbox 465 884 640 931; x_wconf 78' lang='lat' dir='ltr'>habebit</span> <span class='ocrx_word' id='word_1_74' title='bbox 661 885 739 930; x_wconf 70' lang='lat' dir='ltr'>nifi</span> <span class='ocrx_word' id='word_1_75' title='bbox 760 884 996 948; x_wconf 81' lang='lat' dir='ltr'>imaginem</span> <span class='ocrx_word' id='word_1_76' title='bbox 1021 900 1164 930; x_wconf 82' lang='lat' dir='ltr'>unam.</span> <span class='ocrx_word' id='word_1_77' title='bbox 1194 884 1378 944; x_wconf 80' lang='lat' dir='ltr'>Quare?</span> <span class='ocrx_word' id='word_1_78' title='bbox 1403 887 1503 947; x_wconf 85' lang='lat' dir='ltr'>quia</span> 
     </span>
     <span class='ocr_line' id='line_1_11' title="bbox 220 955 1502 1019; baseline -0.003 -13"><span class='ocrx_word' id='word_1_79' title='bbox 220 959 365 1006; x_wconf 75' lang='lat' dir='ltr'>omnis</span> <span class='ocrx_word' id='word_1_80' title='bbox 384 957 712 1019; x_wconf 75' lang='lat' dir='ltr'>circumscripta</span> <span class='ocrx_word' id='word_1_81' title='bbox 741 957 919 1004; x_wconf 83' lang='lat' dir='ltr'>laevitas</span> <span class='ocrx_word' id='word_1_82' title='bbox 947 970 989 1002; x_wconf 89' lang='lat' dir='ltr'>et</span> <span class='ocrx_word' id='word_1_83' title='bbox 1007 956 1272 1003; x_wconf 86' lang='lat' dir='ltr'>circumdata</span> <span class='ocrx_word' id='word_1_84' title='bbox 1292 956 1373 1003; x_wconf 82' lang='lat' dir='ltr'>suis</span> <span class='ocrx_word' id='word_1_85' title='bbox 1401 955 1502 1003; x_wconf 84' lang='lat' dir='ltr'>fini-</span> 
     </span>
     <span class='ocr_line' id='line_1_12' title="bbox 219 1030 1503 1095; baseline -0.002 -15"><span class='ocrx_word' id='word_1_86' title='bbox 219 1035 324 1088; x_wconf 79' lang='lat' dir='ltr'>bus,</span> <span class='ocrx_word' id='word_1_87' title='bbox 358 1031 672 1095; x_wconf 72' lang='lat' dir='ltr'>speculumest.</span> <span class='ocrx_word' id='word_1_88' title='bbox 703 1034 848 1093; x_wconf 73' lang='lat' dir='ltr'>Itaque</span> <span class='ocrx_word' id='word_1_89' title='bbox 879 1030 1086 1093; x_wconf 78' lang='lat' dir='ltr'>piscinam</span> <span class='ocrx_word' id='word_1_90' title='bbox 1121 1030 1305 1094; x_wconf 85' lang='lat' dir='ltr'>ingentis</span> <span class='ocrx_word' id='word_1_91' title='bbox 1332 1032 1503 1094; x_wconf 81' lang='lat' dir='ltr'>magni-</span> 
     </span>
     <span class='ocr_line' id='line_1_13' title="bbox 220 1103 1504 1166; baseline -0.001 -15"><span class='ocrx_word' id='word_1_92' title='bbox 220 1104 381 1152; x_wconf 69' lang='lat' dir='ltr'>tudinis</span> <span class='ocrx_word' id='word_1_93' title='bbox 401 1139 413 1159; x_wconf 92' lang='lat'>‚</span> <span class='ocrx_word' id='word_1_94' title='bbox 438 1103 604 1150; x_wconf 65' lang='lat' dir='ltr'>inferiis</span> <span class='ocrx_word' id='word_1_95' title='bbox 629 1103 867 1166; x_wconf 76' lang='lat' dir='ltr'>parietibus</span> <span class='ocrx_word' id='word_1_96' title='bbox 884 1103 928 1149; x_wconf 88' lang='lat' dir='ltr'>in</span> <span class='ocrx_word' id='word_1_97' title='bbox 953 1103 1096 1166; x_wconf 78' lang='lat' dir='ltr'>plures</span> <span class='ocrx_word' id='word_1_98' title='bbox 1115 1103 1263 1150; x_wconf 86' lang='lat' dir='ltr'>divide</span> <span class='ocrx_word' id='word_1_99' title='bbox 1286 1121 1296 1150; x_wconf 92' lang='lat'>:</span> <span class='ocrx_word' id='word_1_100' title='bbox 1317 1104 1504 1151; x_wconf 86' lang='lat' dir='ltr'>totidem</span> 
     </span>
     <span class='ocr_line' id='line_1_14' title="bbox 221 1175 1505 1239; baseline 0 -15"><span class='ocrx_word' id='word_1_101' title='bbox 221 1178 292 1226; x_wconf 75' lang='lat' dir='ltr'>iila</span> <span class='ocrx_word' id='word_1_102' title='bbox 320 1178 450 1224; x_wconf 81' lang='lat' dir='ltr'>habet</span> <span class='ocrx_word' id='word_1_103' title='bbox 485 1176 695 1239; x_wconf 82' lang='lat' dir='ltr'>imagines</span> <span class='ocrx_word' id='word_1_104' title='bbox 725 1175 855 1232; x_wconf 79' lang='lat' dir='ltr'>solis,</span> <span class='ocrx_word' id='word_1_105' title='bbox 884 1192 995 1238; x_wconf 87' lang='lat' dir='ltr'>quot</span> <span class='ocrx_word' id='word_1_106' title='bbox 1027 1176 1145 1222; x_wconf 84' lang='lat' dir='ltr'>lacus</span> <span class='ocrx_word' id='word_1_107' title='bbox 1180 1175 1390 1224; x_wconf 78' lang='lat' dir='ltr'>habuerit.</span> <span class='ocrx_word' id='word_1_108' title='bbox 1415 1179 1505 1223; x_wconf 91' lang='lat' dir='ltr'>Re-</span> 
     </span>
     <span class='ocr_line' id='line_1_15' title="bbox 221 1247 1504 1314; baseline -0.002 -16"><span class='ocrx_word' id='word_1_109' title='bbox 221 1253 370 1314; x_wconf 53' lang='lat' dir='ltr'>linque</span> <span class='ocrx_word' id='word_1_110' title='bbox 401 1250 514 1296; x_wconf 73' lang='lat' dir='ltr'>illam</span> <span class='ocrx_word' id='word_1_111' title='bbox 547 1249 652 1295; x_wconf 81' lang='lat' dir='ltr'>ficut</span> <span class='ocrx_word' id='word_1_112' title='bbox 686 1248 747 1294; x_wconf 84' lang='lat' dir='ltr'>est</span> <span class='ocrx_word' id='word_1_113' title='bbox 774 1247 966 1295; x_wconf 80' lang='lat' dir='ltr'>diffusa:</span> <span class='ocrx_word' id='word_1_114' title='bbox 999 1248 1129 1300; x_wconf 84' lang='lat' dir='ltr'>semel</span> <span class='ocrx_word' id='word_1_115' title='bbox 1161 1248 1238 1294; x_wconf 85' lang='lat' dir='ltr'>tibi</span> <span class='ocrx_word' id='word_1_116' title='bbox 1265 1249 1504 1313; x_wconf 81' lang='lat' dir='ltr'>imaginem</span> 
     </span>
     <span class='ocr_line' id='line_1_16' title="bbox 221 1320 1503 1383; baseline -0.003 -11"><span class='ocrx_word' id='word_1_117' title='bbox 221 1324 384 1372; x_wconf 74' lang='lat' dir='ltr'>reddet.</span> <span class='ocrx_word' id='word_1_118' title='bbox 415 1321 538 1368; x_wconf 83' lang='lat' dir='ltr'>Nihil</span> <span class='ocrx_word' id='word_1_119' title='bbox 554 1320 687 1367; x_wconf 85' lang='lat' dir='ltr'>refert</span> <span class='ocrx_word' id='word_1_120' title='bbox 704 1355 718 1377; x_wconf 84' lang='lat'>,</span> <span class='ocrx_word' id='word_1_121' title='bbox 743 1337 875 1382; x_wconf 76' lang='lat' dir='ltr'>quani</span> <span class='ocrx_word' id='word_1_122' title='bbox 897 1320 1077 1383; x_wconf 82' lang='lat' dir='ltr'>exiguus</span> <span class='ocrx_word' id='word_1_123' title='bbox 1096 1320 1145 1366; x_wconf 84' lang='lat' dir='ltr'>fit</span> <span class='ocrx_word' id='word_1_124' title='bbox 1163 1321 1323 1368; x_wconf 87' lang='lat' dir='ltr'>humor</span> <span class='ocrx_word' id='word_1_125' title='bbox 1348 1337 1420 1369; x_wconf 86' lang='lat' dir='ltr'>aut</span> <span class='ocrx_word' id='word_1_126' title='bbox 1439 1323 1503 1368; x_wconf 62' lang='grc' dir='ltr'>Ιε]ό</span> 
     </span>
     <span class='ocr_line' id='line_1_17' title="bbox 223 1393 1505 1458; baseline -0.002 -15"><span class='ocrx_word' id='word_1_127' title='bbox 223 1414 314 1444; x_wconf 71' lang='lat' dir='ltr'>cns.</span> <span class='ocrx_word' id='word_1_128' title='bbox 341 1396 384 1441; x_wconf 85' lang='lat' dir='ltr'>Si</span> <span class='ocrx_word' id='word_1_129' title='bbox 416 1393 725 1455; x_wconf 83' lang='lat' dir='ltr'>circumseptus</span> <span class='ocrx_word' id='word_1_130' title='bbox 753 1393 813 1438; x_wconf 76' lang='lat' dir='ltr'>est</span> <span class='ocrx_word' id='word_1_131' title='bbox 830 1429 842 1451; x_wconf 58' lang='lat' dir='ltr'>a</span> <span class='ocrx_word' id='word_1_132' title='bbox 863 1394 1084 1455; x_wconf 75' lang='lat' dir='ltr'>speculum</span> <span class='ocrx_word' id='word_1_133' title='bbox 1111 1393 1182 1439; x_wconf 81' lang='lat' dir='ltr'>est.</span> <span class='ocrx_word' id='word_1_134' title='bbox 1208 1397 1325 1458; x_wconf 84' lang='lat' dir='ltr'>Ergo</span> <span class='ocrx_word' id='word_1_135' title='bbox 1343 1394 1505 1441; x_wconf 80' lang='lat' dir='ltr'>stillici-</span> 
     </span>
     <span class='ocr_line' id='line_1_18' title="bbox 221 1465 1502 1529; baseline -0.002 -13"><span class='ocrx_word' id='word_1_136' title='bbox 221 1471 291 1517; x_wconf 74' lang='lat' dir='ltr'>dia</span> <span class='ocrx_word' id='word_1_137' title='bbox 316 1469 384 1515; x_wconf 81' lang='lat' dir='ltr'>illa</span> <span class='ocrx_word' id='word_1_138' title='bbox 415 1466 605 1524; x_wconf 75' lang='lat' dir='ltr'>infinita,</span> <span class='ocrx_word' id='word_1_139' title='bbox 630 1482 742 1529; x_wconf 86' lang='lat' dir='ltr'>quae</span> <span class='ocrx_word' id='word_1_140' title='bbox 770 1466 911 1512; x_wconf 71' lang='lat' dir='ltr'>imber</span> <span class='ocrx_word' id='word_1_141' title='bbox 930 1467 1089 1513; x_wconf 86' lang='lat' dir='ltr'>cadens</span> <span class='ocrx_word' id='word_1_142' title='bbox 1117 1465 1288 1524; x_wconf 79' lang='lat' dir='ltr'>defert,</span> <span class='ocrx_word' id='word_1_143' title='bbox 1313 1467 1502 1514; x_wconf 87' lang='lat' dir='ltr'>totidem</span> 
     </span>
     <span class='ocr_line' id='line_1_19' title="bbox 220 1537 1502 1606; baseline -0.005 -14"><span class='ocrx_word' id='word_1_144' title='bbox 220 1542 390 1606; x_wconf 77' lang='lat' dir='ltr'>specula</span> <span class='ocrx_word' id='word_1_145' title='bbox 411 1540 529 1598; x_wconf 80' lang='lat' dir='ltr'>sunt,</span> <span class='ocrx_word' id='word_1_146' title='bbox 558 1540 744 1585; x_wconf 77' lang='lat' dir='ltr'>totid-em</span> <span class='ocrx_word' id='word_1_147' title='bbox 776 1538 875 1585; x_wconf 81' lang='lat' dir='ltr'>solis</span> <span class='ocrx_word' id='word_1_148' title='bbox 901 1537 1034 1585; x_wconf 81' lang='lat' dir='ltr'>facies</span> <span class='ocrx_word' id='word_1_149' title='bbox 1062 1539 1238 1586; x_wconf 86' lang='lat' dir='ltr'>habent.</span> <span class='ocrx_word' id='word_1_150' title='bbox 1273 1540 1367 1586; x_wconf 83' lang='lat' dir='ltr'>Hae</span> <span class='ocrx_word' id='word_1_151' title='bbox 1390 1556 1502 1586; x_wconf 87' lang='lat' dir='ltr'>con-</span> 
     </span>
     <span class='ocr_line' id='line_1_20' title="bbox 218 1610 1502 1675; baseline -0.004 -12"><span class='ocrx_word' id='word_1_152' title='bbox 218 1630 284 1664; x_wconf 84' lang='lat' dir='ltr'>tra</span> <span class='ocrx_word' id='word_1_153' title='bbox 318 1613 502 1661; x_wconf 72' lang='lat' dir='ltr'>intuenti</span> <span class='ocrx_word' id='word_1_154' title='bbox 529 1612 802 1675; x_wconf 74' lang='lat' dir='ltr'>perturbatae</span> <span class='ocrx_word' id='word_1_155' title='bbox 832 1623 1037 1674; x_wconf 78' lang='lat' dir='ltr'>apparent</span> <span class='ocrx_word' id='word_1_156' title='bbox 1061 1629 1071 1657; x_wconf 73' lang='grc' dir='ltr'>ε</span> <span class='ocrx_word' id='word_1_157' title='bbox 1101 1627 1181 1658; x_wconf 80' lang='lat' dir='ltr'>nec</span> <span class='ocrx_word' id='word_1_158' title='bbox 1217 1610 1502 1673; x_wconf 81' lang='lat' dir='ltr'>dispiciuntur</span> 
     </span>
     <span class='ocr_line' id='line_1_21' title="bbox 220 1681 1503 1748; baseline -0.005 -12"><span class='ocrx_word' id='word_1_159' title='bbox 220 1688 471 1743; x_wconf 72' lang='lat' dir='ltr'>intervalia,</span> <span class='ocrx_word' id='word_1_160' title='bbox 499 1683 656 1748; x_wconf 73' lang='lat' dir='ltr'>quibus</span> <span class='ocrx_word' id='word_1_161' title='bbox 676 1682 838 1746; x_wconf 80' lang='lat' dir='ltr'>fingula</span> <span class='ocrx_word' id='word_1_162' title='bbox 867 1681 1048 1739; x_wconf 79' lang='lat' dir='ltr'>distant,</span> <span class='ocrx_word' id='word_1_163' title='bbox 1076 1682 1215 1745; x_wconf 82' lang='lat' dir='ltr'>spatio</span> <span class='ocrx_word' id='word_1_164' title='bbox 1241 1681 1503 1747; x_wconf 79' lang='lat' dir='ltr'>prohibente</span> 
     </span>
     <span class='ocr_line' id='line_1_22' title="bbox 219 1744 1502 1821; baseline -0.004 -12"><span class='ocrx_word' id='word_1_165' title='bbox 219 1761 416 1809; x_wconf 80' lang='lat' dir='ltr'>discerni.</span> <span class='ocrx_word' id='word_1_166' title='bbox 446 1759 622 1807; x_wconf 87' lang='lat' dir='ltr'>Deinde</span> <span class='ocrx_word' id='word_1_167' title='bbox 644 1774 728 1821; x_wconf 86' lang='lat' dir='ltr'>pro</span> <span class='ocrx_word' id='word_1_168' title='bbox 747 1757 919 1820; x_wconf 80' lang='lat' dir='ltr'>singulis</span> <span class='ocrx_word' id='word_1_169' title='bbox 942 1771 1120 1819; x_wconf 85' lang='lat' dir='ltr'>apparet</span> <span class='ocrx_word' id='word_1_170' title='bbox 1145 1775 1230 1803; x_wconf 81' lang='lat' dir='ltr'>una</span> <span class='ocrx_word' id='word_1_171' title='bbox 1255 1744 1389 1804; x_wconf 55' lang='lat' dir='ltr'>fa&#39;cies</span> <span class='ocrx_word' id='word_1_172' title='bbox 1407 1769 1502 1804; x_wconf 89' lang='lat' dir='ltr'>tur·</span> 
     </span>
     <span class='ocr_line' id='line_1_23' title="bbox 217 1828 1499 1881; baseline -0.005 0"><span class='ocrx_word' id='word_1_173' title='bbox 217 1833 320 1881; x_wconf 82' lang='lat' dir='ltr'>bida</span> <span class='ocrx_word' id='word_1_174' title='bbox 349 1849 403 1879; x_wconf 82' lang='lat' dir='ltr'>ex</span> <span class='ocrx_word' id='word_1_175' title='bbox 430 1832 646 1878; x_wconf 76' lang='lat' dir='ltr'>omnibus.</span> <span class='ocrx_word' id='word_1_176' title='bbox 679 1828 931 1875; x_wconf 77' lang='lat' dir='ltr'>Aristoteles</span> <span class='ocrx_word' id='word_1_177' title='bbox 960 1829 1078 1876; x_wconf 87' lang='lat' dir='ltr'>idem</span> <span class='ocrx_word' id='word_1_178' title='bbox 1101 1828 1277 1876; x_wconf 81' lang='lat' dir='ltr'>iudicat.</span> <span class='ocrx_word' id='word_1_179' title='bbox 1310 1829 1377 1875; x_wconf 85' lang='lat' dir='ltr'>Ab</span> <span class='ocrx_word' id='word_1_180' title='bbox 1397 1845 1499 1875; x_wconf 87' lang='lat' dir='ltr'>om·-</span> 
     </span>
     <span class='ocr_line' id='line_1_24' title="bbox 217 1901 1499 1969; baseline -0.005 -14"><span class='ocrx_word' id='word_1_181' title='bbox 217 1907 293 1965; x_wconf 79' lang='lat' dir='ltr'>ni,</span> <span class='ocrx_word' id='word_1_182' title='bbox 314 1906 484 1969; x_wconf 79' lang='lat' dir='ltr'>inquit,</span> <span class='ocrx_word' id='word_1_183' title='bbox 503 1903 706 1951; x_wconf 73' lang='lat' dir='ltr'>laevitate</span> <span class='ocrx_word' id='word_1_184' title='bbox 735 1901 847 1948; x_wconf 78' lang='lat' dir='ltr'>acies</span> <span class='ocrx_word' id='word_1_185' title='bbox 865 1901 1010 1948; x_wconf 79' lang='lat' dir='ltr'>radios</span> <span class='ocrx_word' id='word_1_186' title='bbox 1028 1902 1127 1948; x_wconf 85' lang='lat' dir='ltr'>suos</span> <span class='ocrx_word' id='word_1_187' title='bbox 1155 1901 1347 1964; x_wconf 88' lang='lat' dir='ltr'>replicat.</span> <span class='ocrx_word' id='word_1_188' title='bbox 1376 1901 1499 1948; x_wconf 89' lang='lat' dir='ltr'>Nihil</span> 
     </span>
     <span class='ocr_line' id='line_1_25' title="bbox 218 1973 1498 2040; baseline -0.005 -13"><span class='ocrx_word' id='word_1_189' title='bbox 218 1993 362 2027; x_wconf 78' lang='lat' dir='ltr'>autem</span> <span class='ocrx_word' id='word_1_190' title='bbox 386 1978 550 2024; x_wconf 72' lang='lat' dir='ltr'>laevius</span> <span class='ocrx_word' id='word_1_191' title='bbox 569 1993 682 2040; x_wconf 82' lang='lat' dir='ltr'>aqua</span> <span class='ocrx_word' id='word_1_192' title='bbox 695 1987 738 2022; x_wconf 75' lang='lat' dir='ltr'>et</span> <span class='ocrx_word' id='word_1_193' title='bbox 758 1976 870 2021; x_wconf 71' lang='lat' dir='ltr'>aere.</span> <span class='ocrx_word' id='word_1_194' title='bbox 887 1977 1005 2037; x_wconf 80' lang='lat' dir='ltr'>Ergo</span> <span class='ocrx_word' id='word_1_195' title='bbox 1022 1974 1152 2020; x_wconf 83' lang='lat' dir='ltr'>etiam</span> <span class='ocrx_word' id='word_1_196' title='bbox 1174 1975 1228 2020; x_wconf 87' lang='lat' dir='ltr'>ab</span> <span class='ocrx_word' id='word_1_197' title='bbox 1253 1975 1350 2020; x_wconf 72' lang='lat' dir='ltr'>aere</span> <span class='ocrx_word' id='word_1_198' title='bbox 1367 1973 1498 2036; x_wconf 85' lang='lat' dir='ltr'>spiffo</span> 
     </span>
     <span class='ocr_line' id='line_1_26' title="bbox 163 2045 1498 2102; baseline -0.007 0"><span class='ocrx_word' id='word_1_199' title='bbox 163 2054 166 2057; x_wconf 61' lang='grc'>’</span> <span class='ocrx_word' id='word_1_200' title='bbox 216 2054 333 2102; x_wconf 79' lang='lat' dir='ltr'>visus</span> <span class='ocrx_word' id='word_1_201' title='bbox 363 2051 506 2098; x_wconf 81' lang='lat' dir='ltr'>noster</span> <span class='ocrx_word' id='word_1_202' title='bbox 526 2051 569 2096; x_wconf 86' lang='lat' dir='ltr'>in</span> <span class='ocrx_word' id='word_1_203' title='bbox 590 2066 670 2095; x_wconf 89' lang='lat' dir='ltr'>nos</span> <span class='ocrx_word' id='word_1_204' title='bbox 697 2049 822 2098; x_wconf 84' lang='lat' dir='ltr'>redit.</span> <span class='ocrx_word' id='word_1_205' title='bbox 852 2048 944 2093; x_wconf 80' lang='lat' dir='ltr'>Ubi</span> <span class='ocrx_word' id='word_1_206' title='bbox 974 2064 1083 2094; x_wconf 90' lang='lat' dir='ltr'>vero</span> <span class='ocrx_word' id='word_1_207' title='bbox 1107 2047 1236 2093; x_wconf 84' lang='lat' dir='ltr'>hebes</span> <span class='ocrx_word' id='word_1_208' title='bbox 1256 2058 1299 2092; x_wconf 89' lang='lat' dir='ltr'>et</span> <span class='ocrx_word' id='word_1_209' title='bbox 1324 2045 1498 2092; x_wconf 83' lang='lat' dir='ltr'>infirma</span> 
     </span>
     <span class='ocr_line' id='line_1_27' title="bbox 211 2118 1496 2187; baseline -0.006 -14"><span class='ocrx_word' id='word_1_210' title='bbox 211 2127 273 2174; x_wconf 85' lang='lat' dir='ltr'>est</span> <span class='ocrx_word' id='word_1_211' title='bbox 303 2126 442 2183; x_wconf 81' lang='lat' dir='ltr'>acies,</span> <span class='ocrx_word' id='word_1_212' title='bbox 474 2124 674 2187; x_wconf 80' lang='lat' dir='ltr'>quolibet</span> <span class='ocrx_word' id='word_1_213' title='bbox 706 2121 818 2168; x_wconf 76' lang='lat' dir='ltr'>a&#39;e&#39;ris</span> <span class='ocrx_word' id='word_1_214' title='bbox 847 2121 937 2167; x_wconf 69' lang='grc' dir='ltr'>ἰᾶιι</span> <span class='ocrx_word' id='word_1_215' title='bbox 976 2119 1132 2167; x_wconf 77' lang='lat' dir='ltr'>deficit.</span> <span class='ocrx_word' id='word_1_216' title='bbox 1180 2118 1496 2180; x_wconf 72' lang='lat' dir='ltr'>Quidamhoc</span> 
     </span>
     <span class='ocr_line' id='line_1_28' title="bbox 209 2192 1496 2263; baseline -0.008 -17"><span class='ocrx_word' id='word_1_217' title='bbox 209 2217 372 2263; x_wconf 85' lang='lat' dir='ltr'>genere</span> <span class='ocrx_word' id='word_1_218' title='bbox 404 2197 664 2246; x_wconf 74' lang='lat' dir='ltr'>valetudinis</span> <span class='ocrx_word' id='word_1_219' title='bbox 695 2196 924 2252; x_wconf 79' lang='lat' dir='ltr'>laborant,</span> <span class='ocrx_word' id='word_1_220' title='bbox 957 2209 1004 2240; x_wconf 82' lang='lat' dir='ltr'>ut</span> <span class='ocrx_word' id='word_1_221' title='bbox 1038 2194 1116 2257; x_wconf 72' lang='lat' dir='ltr'>ipsi</span> <span class='ocrx_word' id='word_1_222' title='bbox 1151 2193 1228 2239; x_wconf 81' lang='lat' dir='ltr'>fibi</span> <span class='ocrx_word' id='word_1_223' title='bbox 1262 2192 1496 2239; x_wconf 82' lang='lat' dir='ltr'>videamur</span> 
     </span>
     <span class='ocr_line' id='line_1_29' title="bbox 213 2265 1493 2332; baseline -0.009 -13"><span class='ocrx_word' id='word_1_224' title='bbox 213 2288 470 2328; x_wconf 83' lang='lat' dir='ltr'>occurrere,</span> <span class='ocrx_word' id='word_1_225' title='bbox 497 2282 544 2316; x_wconf 89' lang='lat' dir='ltr'>ut</span> <span class='ocrx_word' id='word_1_226' title='bbox 566 2269 727 2332; x_wconf 73' lang='lat' dir='ltr'>ubique</span> <span class='ocrx_word' id='word_1_227' title='bbox 751 2269 984 2331; x_wconf 81' lang='lat' dir='ltr'>imaginem</span> <span class='ocrx_word' id='word_1_228' title='bbox 1004 2267 1121 2314; x_wconf 86' lang='lat' dir='ltr'>suam</span> <span class='ocrx_word' id='word_1_229' title='bbox 1149 2279 1339 2313; x_wconf 85' lang='lat' dir='ltr'>cernant.</span> <span class='ocrx_word' id='word_1_230' title='bbox 1368 2265 1493 2323; x_wconf 83' lang='lat' dir='ltr'>Qua·</span> 
     </span>
     <span class='ocr_line' id='line_1_30' title="bbox 210 2333 1494 2408; baseline -0.009 -17"><span class='ocrx_word' id='word_1_231' title='bbox 210 2346 291 2392; x_wconf 83' lang='lat' dir='ltr'>re?</span> <span class='ocrx_word' id='word_1_232' title='bbox 322 2345 421 2408; x_wconf 81' lang='lat' dir='ltr'>quia</span> <span class='ocrx_word' id='word_1_233' title='bbox 445 2343 619 2389; x_wconf 83' lang='lat' dir='ltr'>infirma</span> <span class='ocrx_word' id='word_1_234' title='bbox 639 2343 707 2389; x_wconf 88' lang='lat' dir='ltr'>vis</span> <span class='ocrx_word' id='word_1_235' title='bbox 734 2343 965 2388; x_wconf 74' lang='lat' dir='ltr'>oculorum</span> <span class='ocrx_word' id='word_1_236' title='bbox 985 2357 1075 2387; x_wconf 89' lang='lat' dir='ltr'>non</span> <span class='ocrx_word' id='word_1_237' title='bbox 1103 2338 1244 2402; x_wconf 82' lang='lat' dir='ltr'>potest</span> <span class='ocrx_word' id='word_1_238' title='bbox 1268 2354 1321 2384; x_wconf 90' lang='lat' dir='ltr'>ne</span> <span class='ocrx_word' id='word_1_239' title='bbox 1340 2333 1494 2399; x_wconf 76' lang='lat' dir='ltr'>proxi·</span> 
     </span>
     <span class='ocr_line' id='line_1_31' title="bbox 209 2403 1495 2481; baseline -0.009 -17"><span class='ocrx_word' id='word_1_240' title='bbox 209 2433 332 2468; x_wconf 76' lang='lat' dir='ltr'>mum</span> <span class='ocrx_word' id='word_1_241' title='bbox 359 2417 541 2481; x_wconf 78' lang='lat' dir='ltr'>quidem</span> <span class='ocrx_word' id='word_1_242' title='bbox 564 2414 645 2468; x_wconf 77' lang='lat' dir='ltr'>fibi</span> <span class='ocrx_word' id='word_1_243' title='bbox 682 2415 827 2464; x_wconf 61' lang='lat' dir='ltr'>aerem</span> <span class='ocrx_word' id='word_1_244' title='bbox 863 2428 1178 2478; x_wconf 77' lang='lat' dir='ltr'>perrumpere,</span> <span class='ocrx_word' id='word_1_245' title='bbox 1217 2410 1291 2459; x_wconf 83' lang='lat' dir='ltr'>sed</span> <span class='ocrx_word' id='word_1_246' title='bbox 1326 2403 1495 2459; x_wconf 64' lang='lat' dir='ltr'>resistit.</span> 
     </span>
    </p>
   </div>
  </div>
 </body>
</html>
