1730 2870
236 127 329 176 300
493 112 876 158 LANNAEt
924 111 1285 159 SENECAE

231 219 443 283 piodotus
467 219 617 264 auE'tor
636 216 697 264 est
712 254 725 276 ‚
744 216 949 265 demiffos
981 235 1110 282 quam
1133 219 1347 284 plurimo}
1367 235 1389 264 a
1409 218 1512 266 Phi-

231 293 356 357 lippo
393 292 438 337 in
477 291 700 338 metallum
739 292 966 355 antiquum
1008 293 1115 338 olim
1152 294 1435 351 destitutum,
1467 308 1515 341 ut

231 368 514 429 explorarent
541 382 653 428 quae
688 366 862 412 ubertas
890 367 981 412 eius
1008 367 1142 422 esset,
1163 368 1240 430 qui
1275 367 1403 413 status
1421 403 1434 424 ,
1461 384 1515 414 an

231 440 398 503 aliquid
423 439 580 485 futuris
610 439 848 502 reliquisset
869 455 997 486 vetus
1018 440 1225 486 avaritia:
1253 441 1516 488 descendiffe

231 515 329 562 illos
360 530 459 559 cum
497 513 640 559 multo
669 513 864 571 lumine,
892 528 936 560 et
969 513 1130 559 multos
1160 514 1369 561 duraturo
1397 514 1516 561 dies:

234 589 392 636 deinde
424 587 556 651 longa
576 589 649 635 via
667 588 872 652 fatigatos
887 621 901 644 ‚
921 587 1075 636 vidiffe
1095 588 1275 636 flumina
1301 589 1516 652 ingentia,

229 676 275 708 et
303 674 543 722 conceptus
582 678 793 725 aquarum
830 662 1036 709 inertium
1069 661 1245 718 vastos,
1278 678 1399 722 pares
1432 678 1515 707 no-

230 734 353 791 stris,
375 751 455 780 nec
487 734 761 796 compreffos
791 735 970 798 quidem
1002 746 1114 780 terra
1144 733 1516 796 supereminente,

229 804 301 853 sed
335 806 493 852 liberae
526 806 706 852 laxitatis
729 841 742 861 ,
773 823 865 852 non
900 805 986 852 fine
1015 806 1201 852 horrore
1230 805 1360 852 visos.
1402 807 1515 851 Cum

230 894 389 941 magna
415 877 524 923 haec
558 878 638 941 legi
673 878 918 940 voluptate.
958 878 1150 924 intellexi
1179 877 1294 923 enim
1328 871 1517 922 seculum

230 949 428 996 nostrum
449 984 461 1005 ‚
499 965 590 994 non
628 950 758 995 novis
792 949 940 1005 vitiis,
971 950 1041 995 sed
1074 951 1158 994 iam
1196 949 1296 994 inde
1328 947 1518 1010 antiqui-

229 1035 299 1069 tus
327 1022 491 1067 traditis
520 1021 718 1068 laborare
741 1038 753 1066 :
775 1038 854 1068 nec
876 1024 1018 1067 nostra
1040 1038 1180 1067 aetate
1204 1020 1395 1082 primum
1416 1036 1519 1066 ava—

228 1094 370 1141 ritiam
391 1130 404 1151 ‚
437 1110 573 1143 venas
606 1106 821 1141 terrarum
863 1094 1147 1157 lapidumque
1196 1094 1397 1140 rimatam
1427 1128 1441 1151 ‚
1473 1093 1518 1139 in

203 1168 417 1215 'tenebris
448 1168 562 1214 male
591 1168 779 1215 abstrusa
810 1168 1028 1232 quaesisse.
1066 1169 1131 1214 Illi
1164 1185 1343 1232 quoque
1369 1167 1517 1214 maio-

229 1258 297 1288 res
318 1241 460 1303 ¹nostri
486 1277 498 1298 ‚
532 1242 947 1304 quosvcelebramus
976 1242 1176 1288 laudibus
1195 1278 1209 1300 ‚
1243 1243 1404 1305 quibus
1434 1240 1519 1288 dis-

229 1312 386 1359 ssmiles
416 1313 641 1376 querimur
668 1331 750 1360 nos
775 1314 860 1360 esse
881 1347 895 1369 ‚
929 1313 1000 1375 spe
1034 1315 1177 1367 (lutri,
1197 1327 1369 1360 montes
1399 1312 1516 1360 ceci-

229 1386 416 1443 derunt,
445 1400 488 1432 et
516 1386 644 1448 supra
670 1387 845 1432 lucrum
878 1387 953 1432 sub
984 1386 1109 1431 ruina
1138 1385 1359 1431 steterunt.
1406 1393 1518 1430 Ante

227 1459 479 1521 Philippum
514 1461 806 1505 Macedonem
838 1476 962 1523 reges
989 1459 1111 1506 fuere
1136 1496 1149 1517 ‚
1176 1460 1252 1522 qui
1283 1459 1519 1521 pecuniam

229 1531 276 1578 in
314 1530 522 1579 altiffimis
561 1531 695 1595 usque
733 1531 906 1578 latebris
943 1531 1257 1594 sequerentur,
1294 1544 1337 1577 et
1365 1531 1519 1577 τεΙὶὲὶο

227 1604 378 1667 spiritu
399 1604 540 1650 libero
554 1636 568 1660 ‚
587 1604 632 1650 in
649 1604 747 1651 illos
766 1604 808 1650 se
826 1603 1106 1652 demitterent
1133 1605 1285 1667 specus
1305 1639 1317 1661 ‚
1340 1603 1383 1649 in
1403 1621 1518 1667 quos

225 1678 391 1725 nullum
425 1679 621 1724 noffium
643 1678 904 1739 dierumque
930 1677 1179 1739 perveniret
1198 1676 1452 1729 discrimen,
1473 1687 1516 1721 et

226 1764 251 1793 a
282 1761 412 1810 tergo
442 1748 585 1794 lucem
618 1747 935 1809 relinquerent.
969 1749 1096 1807 Quae
1127 1758 1244 1792 tanta
1281 1745 1374 1808 spes
1402 1745 1514 1792 fuit?

226 1822 355 1882 Quae
383 1832 501 1867 tanta
521 1819 743 1867 neceffitas
762 1820 989 1866 hominem
1008 1820 1062 1866 ad
1078 1820 1213 1865 sidera
1238 1819 1429 1865 ereetum
1449 1818 1517 1864 in·-

229 1893 461 1951 curvavst,
493 1904 536 1941 et
554 1892 756 1951 defodit,
788 1904 832 1939 et
863 1893 909 1938 in
935 1893 1120 1939 fundum
1152 1891 1315 1938 telluris
1336 1890 1516 1936 intimae

229 1966 376 2013 mersit
391 1999 403 2021 ‚
418 1981 465 2014 ut
477 1977 647 2013 erueret
663 1982 818 2011 aurum
833 1997 847 2020 ‚
868 1982 958 2011 non
979 1965 1151 2012 minore
1170 1963 1367 2027 periculo
1385 1981 1516 2027 quae·
1543 1960 1545 1968 ’

229 2040 439 2097 rendum,
463 2055 594 2101 quam
615 2037 949 2100 poffidendum?
982 2040 1167 2101 Propter
1186 2038 1272 2084 hoc
1292 2036 1517 2084 cuniculos

229 2112 345 2174 egit,
371 2124 415 2158 et
440 2111 553 2158 circa
586 2110 788 2172 praedam
814 2110 1069 2157 lutulentam
1097 2111 1394 2171 incertamque
1412 2126 1514 2171 rep-

229 2186 364 2242 tavit,
381 2185 543 2231 oblitus
562 2184 752 2239 dierum,
773 2182 931 2230 oblitus
957 2199 1131 2229 naturae
1151 2182 1344 2229 melioris
1358 2215 1372 2237 ‚
1387 2198 1409 2227 a
1428 2198 1514 2245 qua

231 2256 274 2304 se
293 2258 467 2304 avertit.
498 2257 618 2303 Nulli
643 2272 748 2320 ergo
773 2269 954 2303 mortuo
985 2268 1097 2302 terra
1124 2267 1212 2301 tam
1242 2256 1387 2319 gravis
1425 2254 1511 2310 est,

231 2346 362 2392 quam
389 2329 476 2376 istis
495 2329 618 2392 supra
637 2346 748 2392 quos
766 2328 947 2375 avaritia
976 2323 1134 2391 urgetis
1151 2339 1363 2374 terrarum
1401 2342 1512 2387 pon-

229 2403 315 2450 dus
342 2402 521 2463 iniecit,
547 2402 705 2467 quibus
738 2400 909 2450 abstulit
934 2402 1138 2458 coelum,
1172 2416 1291 2464 quos»
1313 2400 1359 2446 in
1389 2399 1512 2456 imo,
