1730 2870
385 104 646 152 NATUR.
691 102 984 163 QUAEST.
1031 102 1264 148 nstv,
1368 100 1456 163 283

213 248 215 251 .
249 212 325 259 IX.
361 210 546 259 Accedit
576 211 643 257 his
683 209 796 257 ratio
826 207 1088 258 Democriti.
1125 209 1274 254 Omne
1305 222 1469 269 corpus

186 301 277 348 quo
296 285 472 331 solidius
491 283 551 331 est
564 320 576 340 ,
597 284 684 330 hoc
705 284 896 330 calorem
916 282 1041 330 citius
1059 279 1280 342 concipit,
1304 290 1347 324 et
1367 279 1466 324 diu-

185 358 267 405 tius
300 358 452 405 servat.
481 356 686 419 Itaquesi
709 357 754 403 in
773 357 861 404 sole
890 354 1086 419 posueris
1113 371 1294 401 aeneum
1316 369 1390 400 vas
1421 368 1467 400 et

186 431 373 478 vitreum
400 443 442 476 et
472 443 748 494 argenteum,
791 447 929 477 aeneo
955 430 1078 477 citius
1108 429 1229 474 calor
1253 426 1428 473 accedet
1450 459 1465 479 ‚

188 503 346 549 diutius
374 503 582 552 haerebit.
611 504 760 551 Adiice
783 503 967 560 deinde,
997 518 1129 565 quare
1146 501 1233 546 hoc
1250 498 1468 546 existimet

186 572 292 619 fieri.
315 574 414 630 His,
438 574 604 638 inquit,
625 575 912 637 corporibus2
938 589 1046 636 quae
1067 572 1245 617 duriora
1259 607 1273 628 ‚
1293 583 1335 616 et
1349 569 1466 632 pres-

184 646 294 692 siora
322 642 611 712 den'fioraque
637 648 759 702 sunt,
783 645 950 693 neceffe
979 645 1038 692 est
1057 644 1229 690 minora
1248 643 1467 690 foramina

184 717 295 776 effe,
323 733 365 766 et
388 722 639 768 tenuiorem
669 721 714 766 in
742 719 917 783 singulis
939 718 1148 780 spiritum.
1184 715 1389 778 Sequitur
1417 727 1466 761 ut

183 793 561 851 quemadmodum
589 794 763 839 minora
784 791 996 839 balnearia
1017 803 1059 836 et
1083 789 1254 835 minora
1282 787 1469 833 miliaria

187 863 312 911 citius
341 865 568 921 calefiunt,
601 868 656 912 sic
686 868 788 913 haec
812 864 1022 912 foramina
1051 863 1224 909 occulta
1245 874 1286 908 et
1310 860 1466 908 oculos

186 936 462 1000 effugiemia,
494 952 536 986 et
562 939 742 986 celerius
772 939 997 986 fervorem
1027 936 1236 990 sentiant,
1264 946 1305 980 et
1325 950 1468 996 prop-

185 1021 250 1055 ter
280 1011 450 1058 easdem
482 1012 694 1076 angustias
727 1011 942 1076 quidquid
977 1021 1264 1073 receperunt,
1302 1007 1469 1054 tardius

183 1082 381 1129 reddant.

249 1155 305 1198 X.
346 1155 464 1201 Haec
499 1155 631 1219 longe
664 1168 913 1218 praeparata
944 1155 999 1201 ad
1029 1155 1072 1201 id
1105 1153 1379 1216 perducunt,
1413 1152 1470 1198 de

185 1240 278 1286 quo
308 1242 420 1284 nunc
443 1229 677 1289 quaeritur.
701 1228 862 1273 Omnis
884 1228 958 1273 a'er
983 1243 1072 1289 quo
1094 1226 1281 1288 propior
1299 1225 1358 1270 est
1376 1238 1467 1270 ter-

184 1295 265 1351 ris,
287 1296 373 1343 hoc
395 1299 583 1344 craffior.
599 1298 993 1359 Quemadmodum
1017 1298 1061 1342 in
1080 1313 1190 1359 aqua
1210 1307 1252 1341 et
1274 1296 1318 1340 iu
1338 1293 1464 1340 omni

178 1368 371 1416 >humore
393 1370 492 1418 faex
511 1371 596 1417 ima
615 1371 703 1418 est:
736 1373 795 1418 ita
820 1373 864 1417 in
887 1372 984 1418 ae're
1005 1371 1239 1434 spiffiffima
1266 1385 1466 1433 quaeque

183 1440 390 1489 desidunt.
422 1446 511 1489 lam
534 1457 677 1490 autem
703 1445 935 1506 probatum
954 1443 1040 1497 est,
1061 1443 1210 1489 omnia
1238 1460 1331 1506 quo
1352 1441 1466 1489 cras·-

182 1512 306 1559 fioris
332 1512 635 1579 solidiorisque
656 1516 858 1562 materiae
879 1515 974 1562 sunt
989 1552 1002 1572 ‚
1023 1516 1109 1561 hoc
1126 1513 1294 1561 fidelius
1314 1513 1465 1559 custo-

184 1583 278 1630 dire
309 1585 501 1632 calorem
532 1599 755 1649 receptum
779 1605 790 1632 :
816 1586 887 1633 sed
916 1603 1007 1648 quo
1033 1586 1195 1632 editior
1214 1585 1274 1632 est
1296 1587 1396 1640 aer,
1424 1597 1466 1632 et

183 1673 276 1719 quo
303 1657 476 1721 longius
498 1675 521 1704 a
541 1671 750 1707 terrarum
771 1659 964 1706 colluvie
991 1658 1186 1715 recessit,
1217 1658 1304 1705 hoc
1322 1659 1462 1707 since-

184 1731 277 1778 rior
304 1732 544 1796 puriorque
573 1733 647 1780 est.
683 1737 831 1797 Itaque
871 1733 1003 1780 solem
1040 1750 1129 1779 non
1162 1733 1349 1791 retinet,
1388 1732 1462 1780 sed

185 1803 307 1850 velut
332 1821 410 1866 per
427 1804 555 1852 inane
575 1806 823 1852 transmittit
843 1824 853 1852 :
873 1806 976 1852 ideo
996 1805 1138 1852 minus
1157 1804 1312 1852 calefit.

249 1879 329 1924 X1.
357 1880 524 1925 Contra
547 1896 691 1927 autem
708 1881 887 1943 quidam
906 1880 1026 1927 aiunt
1039 1916 1052 1938 ,
1085 1878 1309 1926 cacumina
1326 1895 1462 1924 mon-

185 1951 295 1998 tium
323 1953 412 1999 hoc
445 1953 650 2001 calidiora
683 1955 769 2002 effe
792 1955 982 2011 debere,
1008 1971 1103 2018 quo
1135 1954 1215 2001 soli
1252 1953 1463 2015 propiora

185 2023 296 2071 sunt.
324 2024 417 2084 Qui
439 2026 547 2072 mihi
573 2028 976 2083 videntur‘errare‚
1008 2027 1131 2090 quod
1153 2026 1431 2088 Apenninum
1447 2062 1464 2087 ‚

186 2109 228 2144 et
245 2097 380 2159 Alpes
387 2109 455 2156 ,et
471 2099 582 2146 alios
598 2113 728 2147 notos
745 2100 804 2146 ob
818 2100 1025 2146 eximiam
1041 2099 1311 2146 altitudinem
1333 2115 1464 2145 mon-

185 2182 252 2217 tes
268 2170 312 2216 in
332 2183 500 2219 tantum
523 2185 674 2236 putant
693 2175 884 2221 crescere
900 2210 914 2232 ‚
940 2187 986 2221 ut
1005 2174 1183 2220 illorum
1204 2173 1462 2236 magnitudo

187 2242 343 2289 sentire
363 2243 464 2290 solis
482 2245 687 2292 viciniam
710 2245 851 2308 possit.
870 2246 1043 2293 Excelsa
1066 2247 1162 2292 sunt
1181 2245 1257 2292 ista
1271 2282 1283 2302 ,
1303 2263 1459 2309 quam-

187 2317 264 2364 diu
291 2316 418 2364 nobis
444 2334 782 2381 comparantur;
810 2331 852 2366 at
874 2336 983 2366 vero
1009 2318 1082 2365 ubi
1111 2319 1359 2366 universum
1392 2337 1460 2366 re-

187 2391 402 2454 spexeris,
429 2391 652 2440 manifesta
681 2392 742 2440 est
773 2393 975 2440 omnium
1010 2392 1240 2440 humilitas.
1272 2394 1387 2439 Inter
1416 2394 1458 2440 se
