<?xml version="1.0" encoding="UTF-8"?>
<!DOCTYPE html PUBLIC "-//W3C//DTD XHTML 1.0 Transitional//EN"
    "http://www.w3.org/TR/xhtml1/DTD/xhtml1-transitional.dtd">
<html xmlns="http://www.w3.org/1999/xhtml" xml:lang="en" lang="en">
 <head>
  <title>
</title>
<meta http-equiv="Content-Type" content="text/html;charset=utf-8" />
  <meta name='ocr-system' content='tesseract 3.04.00' />
  <meta name='ocr-capabilities' content='ocr_page ocr_carea ocr_par ocr_line ocrx_word'/>
</head>
<body>
  <div class='ocr_page' id='page_1' title='image "./lannaeisenecaeph04seneuoft_0207.png"; bbox 0 0 1730 2870; ppageno 0'>
   <div class='ocr_carea' id='block_1_1' title="bbox 393 100 1444 163">
    <p class='ocr_par' dir='ltr' id='par_1_1' title="bbox 393 100 1444 163">
     <span class='ocr_line' id='line_1_1' title="bbox 393 100 1444 163; baseline -0.005 -10"><span class='ocrx_word' id='word_1_1' title='bbox 393 104 656 153; x_wconf 89' lang='lat' dir='ltr'><strong>NATUR.</strong></span> <span class='ocrx_word' id='word_1_2' title='bbox 699 100 996 163; x_wconf 78' lang='lat' dir='ltr'><strong>QUAEST.</strong></span> <span class='ocrx_word' id='word_1_3' title='bbox 1040 100 1157 146; x_wconf 74' lang='grc' dir='ltr'>ΠΒ.</span> <span class='ocrx_word' id='word_1_4' title='bbox 1193 100 1240 144; x_wconf 85' lang='grc' dir='ltr'>Π.</span> <span class='ocrx_word' id='word_1_5' title='bbox 1355 115 1444 148; x_wconf 66' lang='lat' dir='ltr'>20ae</span> 
     </span>
    </p>
   </div>
   <div class='ocr_carea' id='block_1_2' title="bbox 168 205 1453 2456">
    <p class='ocr_par' dir='ltr' id='par_1_2' title="bbox 176 205 1449 421">
     <span class='ocr_line' id='line_1_2' title="bbox 176 205 1449 272; baseline -0.007 -10"><span class='ocrx_word' id='word_1_6' title='bbox 176 214 264 262; x_wconf 70' lang='grc' dir='ltr'>ὶξὶιι</span> <span class='ocrx_word' id='word_1_7' title='bbox 297 215 393 261; x_wconf 79' lang='lat' dir='ltr'>ae&#39;ra</span> <span class='ocrx_word' id='word_1_8' title='bbox 420 211 632 259; x_wconf 85' lang='lat' dir='ltr'>inciderit.</span> <span class='ocrx_word' id='word_1_9' title='bbox 663 213 810 272; x_wconf 80' lang='lat' dir='ltr'>Itaque</span> <span class='ocrx_word' id='word_1_10' title='bbox 828 208 1004 267; x_wconf 88' lang='lat' dir='ltr'>omnia,</span> <span class='ocrx_word' id='word_1_11' title='bbox 1027 219 1256 271; x_wconf 81' lang='lat' dir='ltr'>antequam</span> <span class='ocrx_word' id='word_1_12' title='bbox 1287 205 1449 253; x_wconf 84' lang='lat' dir='ltr'>ferian-</span> 
     </span>
     <span class='ocr_line' id='line_1_3' title="bbox 176 278 1449 344; baseline -0.007 -11"><span class='ocrx_word' id='word_1_13' title='bbox 176 300 247 333; x_wconf 88' lang='lat' dir='ltr'>tur</span> <span class='ocrx_word' id='word_1_14' title='bbox 262 323 275 343; x_wconf 90' lang='lat'><strong>‚</strong></span> <span class='ocrx_word' id='word_1_15' title='bbox 307 284 604 333; x_wconf 67' lang='lat' dir='ltr'>intremiscunt</span> <span class='ocrx_word' id='word_1_16' title='bbox 624 283 792 329; x_wconf 82' lang='lat' dir='ltr'>vibrata</span> <span class='ocrx_word' id='word_1_17' title='bbox 814 296 977 339; x_wconf 85' lang='lat' dir='ltr'>vento,</span> <span class='ocrx_word' id='word_1_18' title='bbox 1005 298 1136 344; x_wconf 89' lang='lat' dir='ltr'>quem</span> <span class='ocrx_word' id='word_1_19' title='bbox 1163 279 1274 343; x_wconf 85' lang='lat' dir='ltr'>ignis</span> <span class='ocrx_word' id='word_1_20' title='bbox 1290 290 1387 325; x_wconf 86' lang='lat' dir='ltr'>ante</span> <span class='ocrx_word' id='word_1_21' title='bbox 1407 278 1449 325; x_wconf 82' lang='lat' dir='ltr'>se</span> 
     </span>
     <span class='ocr_line' id='line_1_4' title="bbox 179 359 334 421; baseline -0.013 -17"><span class='ocrx_word' id='word_1_22' title='bbox 179 359 334 421; x_wconf 67' lang='lat' dir='ltr'>pretiis.</span> 
     </span>
    </p>

    <p class='ocr_par' dir='ltr' id='par_1_3' title="bbox 170 424 1453 1875">
     <span class='ocr_line' id='line_1_5' title="bbox 240 424 1446 491; baseline -0.006 -15"><span class='ocrx_word' id='word_1_23' title='bbox 240 431 364 476; x_wconf 86' lang='lat' dir='ltr'><strong>XXI.</strong></span> <span class='ocrx_word' id='word_1_24' title='bbox 398 428 596 474; x_wconf 74' lang='lat' dir='ltr'>Dimiffis</span> <span class='ocrx_word' id='word_1_25' title='bbox 629 446 744 476; x_wconf 90' lang='lat' dir='ltr'>nunc</span> <span class='ocrx_word' id='word_1_26' title='bbox 772 426 1155 491; x_wconf 80' lang='lat' dir='ltr'>praeceptoribus,</span> <span class='ocrx_word' id='word_1_27' title='bbox 1187 424 1446 487; x_wconf 83' lang='lat' dir='ltr'>incipiamus</span> 
     </span>
     <span class='ocr_line' id='line_1_6' title="bbox 176 496 1448 562; baseline -0.002 -17"><span class='ocrx_word' id='word_1_28' title='bbox 176 517 251 562; x_wconf 82' lang='lat' dir='ltr'>per</span> <span class='ocrx_word' id='word_1_29' title='bbox 270 516 349 545; x_wconf 78' lang='lat' dir='ltr'>nos</span> <span class='ocrx_word' id='word_1_30' title='bbox 378 502 582 556; x_wconf 76' lang='lat' dir='ltr'>moveri,</span> <span class='ocrx_word' id='word_1_31' title='bbox 613 514 656 547; x_wconf 92' lang='lat' dir='ltr'>et</span> <span class='ocrx_word' id='word_1_32' title='bbox 675 519 696 547; x_wconf 93' lang='lat' dir='ltr'>a</span> <span class='ocrx_word' id='word_1_33' title='bbox 720 501 919 548; x_wconf 80' lang='lat' dir='ltr'>confeffis</span> <span class='ocrx_word' id='word_1_34' title='bbox 939 499 1199 546; x_wconf 81' lang='lat' dir='ltr'>transeamus</span> <span class='ocrx_word' id='word_1_35' title='bbox 1224 499 1279 544; x_wconf 87' lang='lat' dir='ltr'>ad</span> <span class='ocrx_word' id='word_1_36' title='bbox 1302 496 1448 543; x_wconf 89' lang='lat' dir='ltr'>dubia.</span> 
     </span>
     <span class='ocr_line' id='line_1_7' title="bbox 178 571 1449 635; baseline 0.002 -19"><span class='ocrx_word' id='word_1_37' title='bbox 178 572 297 631; x_wconf 82' lang='lat' dir='ltr'>Quid</span> <span class='ocrx_word' id='word_1_38' title='bbox 326 574 441 618; x_wconf 84' lang='lat' dir='ltr'>enim</span> <span class='ocrx_word' id='word_1_39' title='bbox 472 574 653 619; x_wconf 78' lang='lat' dir='ltr'>confeffi</span> <span class='ocrx_word' id='word_1_40' title='bbox 680 573 771 620; x_wconf 82' lang='lat' dir='ltr'>est?</span> <span class='ocrx_word' id='word_1_41' title='bbox 797 573 976 619; x_wconf 83' lang='lat' dir='ltr'><strong>Fulmen</strong></span> <span class='ocrx_word' id='word_1_42' title='bbox 1004 572 1148 635; x_wconf 78' lang='lat' dir='ltr'>ignem</span> <span class='ocrx_word' id='word_1_43' title='bbox 1176 571 1260 617; x_wconf 79' lang='lat' dir='ltr'>effe</span> <span class='ocrx_word' id='word_1_44' title='bbox 1280 588 1292 616; x_wconf 75' lang='lat' dir='ltr'><em>z</em></span> <span class='ocrx_word' id='word_1_45' title='bbox 1313 585 1449 631; x_wconf 80' lang='lat' dir='ltr'>aeque</span> 
     </span>
     <span class='ocr_line' id='line_1_8' title="bbox 177 644 1451 710; baseline -0.002 -19"><span class='ocrx_word' id='word_1_46' title='bbox 177 646 513 710; x_wconf 77' lang='lat' dir='ltr'>fulgurationem</span> <span class='ocrx_word' id='word_1_47' title='bbox 530 684 541 704; x_wconf 90' lang='lat'>‚</span> <span class='ocrx_word' id='word_1_48' title='bbox 569 665 678 710; x_wconf 79' lang='lat' dir='ltr'>quae</span> <span class='ocrx_word' id='word_1_49' title='bbox 707 647 813 692; x_wconf 79' lang='lat' dir='ltr'>nihil</span> <span class='ocrx_word' id='word_1_50' title='bbox 841 647 960 692; x_wconf 81' lang='lat' dir='ltr'>aliud.</span> <span class='ocrx_word' id='word_1_51' title='bbox 985 646 1072 699; x_wconf 88' lang='lat' dir='ltr'>est,</span> <span class='ocrx_word' id='word_1_52' title='bbox 1096 661 1226 707; x_wconf 85' lang='lat' dir='ltr'>quam</span> <span class='ocrx_word' id='word_1_53' title='bbox 1246 644 1451 697; x_wconf 85' lang='lat' dir='ltr'>flamma;</span> 
     </span>
     <span class='ocr_line' id='line_1_9' title="bbox 177 717 1446 782; baseline -0.004 -17"><span class='ocrx_word' id='word_1_54' title='bbox 177 719 315 766; x_wconf 84' lang='lat' dir='ltr'>futura</span> <span class='ocrx_word' id='word_1_55' title='bbox 338 720 502 767; x_wconf 70' lang='lat' dir='ltr'>fulmen</span> <span class='ocrx_word' id='word_1_56' title='bbox 517 756 529 777; x_wconf 89' lang='lat'>‚</span> <span class='ocrx_word' id='word_1_57' title='bbox 547 721 577 766; x_wconf 85' lang='lat' dir='ltr'><strong>fi</strong></span> <span class='ocrx_word' id='word_1_58' title='bbox 599 721 693 782; x_wconf 81' lang='lat' dir='ltr'>plus</span> <span class='ocrx_word' id='word_1_59' title='bbox 724 720 883 767; x_wconf 74' lang='lat' dir='ltr'>virium</span> <span class='ocrx_word' id='word_1_60' title='bbox 913 717 1138 765; x_wconf 71' lang='lat' dir='ltr'>habuisset.</span> <span class='ocrx_word' id='word_1_61' title='bbox 1169 718 1275 763; x_wconf 88' lang='lat' dir='ltr'>Non</span> <span class='ocrx_word' id='word_1_62' title='bbox 1295 728 1446 766; x_wconf 77' lang='lat' dir='ltr'>natura</span> 
     </span>
     <span class='ocr_line' id='line_1_10' title="bbox 176 786 1448 855; baseline -0.002 -19"><span class='ocrx_word' id='word_1_63' title='bbox 176 791 248 836; x_wconf 82' lang='lat' dir='ltr'>ista</span> <span class='ocrx_word' id='word_1_64' title='bbox 261 828 273 848; x_wconf 91' lang='lat'><strong>‚</strong></span> <span class='ocrx_word' id='word_1_65' title='bbox 285 791 358 838; x_wconf 80' lang='lat' dir='ltr'>sed</span> <span class='ocrx_word' id='word_1_66' title='bbox 372 792 538 855; x_wconf 80' lang='lat' dir='ltr'>impetu</span> <span class='ocrx_word' id='word_1_67' title='bbox 553 792 718 838; x_wconf 65' lang='lat' dir='ltr'>distant.</span> <span class='ocrx_word' id='word_1_68' title='bbox 734 792 830 838; x_wconf 77' lang='lat' dir='ltr'>Effe</span> <span class='ocrx_word' id='word_1_69' title='bbox 851 792 974 837; x_wconf 71' lang='lat' dir='ltr'>illum</span> <span class='ocrx_word' id='word_1_70' title='bbox 987 790 1132 852; x_wconf 76' lang='lat' dir='ltr'>ignem</span> <span class='ocrx_word' id='word_1_71' title='bbox 1143 825 1157 846; x_wconf 87' lang='lat'><strong>‚</strong></span> <span class='ocrx_word' id='word_1_72' title='bbox 1173 790 1291 835; x_wconf 86' lang='lat' dir='ltr'>calor</span> <span class='ocrx_word' id='word_1_73' title='bbox 1305 786 1448 834; x_wconf 73' lang='lat' dir='ltr'>osten-</span> 
     </span>
     <span class='ocr_line' id='line_1_11' title="bbox 171 860 1450 924; baseline -0.002 -17"><span class='ocrx_word' id='word_1_74' title='bbox 171 863 358 924; x_wconf 75' lang='lat' dir='ltr'>ditzqui</span> <span class='ocrx_word' id='word_1_75' title='bbox 389 862 418 908; x_wconf 86' lang='lat' dir='ltr'><strong>fi</strong></span> <span class='ocrx_word' id='word_1_76' title='bbox 451 879 541 908; x_wconf 89' lang='lat' dir='ltr'>non</span> <span class='ocrx_word' id='word_1_77' title='bbox 573 862 701 920; x_wconf 68' lang='lat' dir='ltr'>esset,</span> <span class='ocrx_word' id='word_1_78' title='bbox 732 863 921 909; x_wconf 62' lang='lat' dir='ltr'>ostendit</span> <span class='ocrx_word' id='word_1_79' title='bbox 953 860 1144 908; x_wconf 73' lang='lat' dir='ltr'>effe&#39;Ctus.</span> <span class='ocrx_word' id='word_1_80' title='bbox 1182 862 1450 924; x_wconf 80' lang='lat' dir='ltr'>Magnorum</span> 
     </span>
     <span class='ocr_line' id='line_1_12' title="bbox 171 934 1450 998; baseline -0.003 -17"><span class='ocrx_word' id='word_1_81' title='bbox 171 936 287 981; x_wconf 90' lang='lat' dir='ltr'>enim</span> <span class='ocrx_word' id='word_1_82' title='bbox 303 936 426 998; x_wconf 83' lang='lat' dir='ltr'>saepe</span> <span class='ocrx_word' id='word_1_83' title='bbox 439 936 745 983; x_wconf 84' lang='lat' dir='ltr'>incendiorum</span> <span class='ocrx_word' id='word_1_84' title='bbox 763 937 886 983; x_wconf 78' lang='lat' dir='ltr'>causa</span> <span class='ocrx_word' id='word_1_85' title='bbox 905 935 1072 982; x_wconf 74' lang='lat' dir='ltr'>fulmen</span> <span class='ocrx_word' id='word_1_86' title='bbox 1089 934 1187 981; x_wconf 86' lang='lat' dir='ltr'>fuit.</span> <span class='ocrx_word' id='word_1_87' title='bbox 1218 935 1358 980; x_wconf 78' lang='lat' dir='ltr'>Silvae</span> <span class='ocrx_word' id='word_1_88' title='bbox 1372 934 1450 979; x_wconf 71' lang='lat' dir='ltr'>illo</span> 
     </span>
     <span class='ocr_line' id='line_1_13' title="bbox 173 1004 1453 1070; baseline -0.004 -16"><span class='ocrx_word' id='word_1_89' title='bbox 173 1021 389 1056; x_wconf 76' lang='lat' dir='ltr'>crematae</span> <span class='ocrx_word' id='word_1_90' title='bbox 403 1043 416 1062; x_wconf 90' lang='lat'>,</span> <span class='ocrx_word' id='word_1_91' title='bbox 434 1020 478 1054; x_wconf 90' lang='lat' dir='ltr'>et</span> <span class='ocrx_word' id='word_1_92' title='bbox 495 1007 669 1054; x_wconf 84' lang='lat' dir='ltr'>urbium</span> <span class='ocrx_word' id='word_1_93' title='bbox 691 1021 832 1070; x_wconf 83' lang='lat' dir='ltr'>partes</span> <span class='ocrx_word' id='word_1_94' title='bbox 848 1007 1001 1054; x_wconf 82' lang='lat' dir='ltr'>:etiam</span> <span class='ocrx_word' id='word_1_95' title='bbox 1019 1024 1130 1069; x_wconf 86' lang='lat' dir='ltr'>quae</span> <span class='ocrx_word' id='word_1_96' title='bbox 1151 1022 1240 1052; x_wconf 90' lang='lat' dir='ltr'>non</span> <span class='ocrx_word' id='word_1_97' title='bbox 1260 1004 1453 1068; x_wconf 82' lang='lat' dir='ltr'>percuffa</span> 
     </span>
     <span class='ocr_line' id='line_1_14' title="bbox 173 1078 1451 1144; baseline -0.002 -18"><span class='ocrx_word' id='word_1_98' title='bbox 173 1081 298 1137; x_wconf 86' lang='lat' dir='ltr'>sunt,</span> <span class='ocrx_word' id='word_1_99' title='bbox 326 1095 469 1127; x_wconf 84' lang='lat' dir='ltr'>tamen</span> <span class='ocrx_word' id='word_1_100' title='bbox 500 1080 644 1126; x_wconf 79' lang='lat' dir='ltr'>adusta</span> <span class='ocrx_word' id='word_1_101' title='bbox 670 1092 934 1127; x_wconf 79' lang='lat' dir='ltr'>cernuntur:</span> <span class='ocrx_word' id='word_1_102' title='bbox 957 1081 1168 1144; x_wconf 80' lang='lat' dir='ltr'>quaedam</span> <span class='ocrx_word' id='word_1_103' title='bbox 1192 1096 1301 1127; x_wconf 87' lang='lat' dir='ltr'>vero</span> <span class='ocrx_word' id='word_1_104' title='bbox 1332 1078 1451 1124; x_wconf 88' lang='lat' dir='ltr'>velut</span> 
     </span>
     <span class='ocr_line' id='line_1_15' title="bbox 173 1151 1452 1216; baseline -0.002 -19"><span class='ocrx_word' id='word_1_105' title='bbox 173 1152 350 1216; x_wconf 60' lang='lat' dir='ltr'>futigine</span> <span class='ocrx_word' id='word_1_106' title='bbox 379 1152 640 1199; x_wconf 73' lang='lat' dir='ltr'>colorantur.</span> <span class='ocrx_word' id='word_1_107' title='bbox 673 1153 826 1213; x_wconf 83' lang='lat' dir='ltr'>Quid,</span> <span class='ocrx_word' id='word_1_108' title='bbox 854 1154 976 1215; x_wconf 85' lang='lat' dir='ltr'>quod</span> <span class='ocrx_word' id='word_1_109' title='bbox 1006 1152 1210 1199; x_wconf 87' lang='lat' dir='ltr'>omnibus</span> <span class='ocrx_word' id='word_1_110' title='bbox 1239 1151 1452 1213; x_wconf 76' lang='lat' dir='ltr'>fulguritis</span> 
     </span>
     <span class='ocr_line' id='line_1_16' title="bbox 173 1227 1451 1290; baseline -0.002 -19"><span class='ocrx_word' id='word_1_111' title='bbox 173 1227 288 1273; x_wconf 85' lang='lat' dir='ltr'>odor</span> <span class='ocrx_word' id='word_1_112' title='bbox 313 1227 564 1289; x_wconf 85' lang='lat' dir='ltr'>sulphureus</span> <span class='ocrx_word' id='word_1_113' title='bbox 584 1227 679 1273; x_wconf 83' lang='lat' dir='ltr'>est?</span> <span class='ocrx_word' id='word_1_114' title='bbox 708 1230 824 1289; x_wconf 85' lang='lat' dir='ltr'>Ergo</span> <span class='ocrx_word' id='word_1_115' title='bbox 859 1240 901 1273; x_wconf 89' lang='lat' dir='ltr'>et</span> <span class='ocrx_word' id='word_1_116' title='bbox 932 1241 1162 1290; x_wconf 78' lang='lat' dir='ltr'>utramque</span> <span class='ocrx_word' id='word_1_117' title='bbox 1183 1243 1275 1273; x_wconf 84' lang='lat' dir='ltr'>rem</span> <span class='ocrx_word' id='word_1_118' title='bbox 1304 1227 1451 1287; x_wconf 82' lang='lat' dir='ltr'>ignem</span> 
     </span>
     <span class='ocr_line' id='line_1_17' title="bbox 172 1297 1451 1362; baseline -0.003 -16"><span class='ocrx_word' id='word_1_119' title='bbox 172 1300 259 1346; x_wconf 81' lang='lat' dir='ltr'>effe</span> <span class='ocrx_word' id='word_1_120' title='bbox 284 1300 478 1357; x_wconf 85' lang='lat' dir='ltr'>constat,</span> <span class='ocrx_word' id='word_1_121' title='bbox 501 1314 544 1346; x_wconf 92' lang='lat' dir='ltr'>et</span> <span class='ocrx_word' id='word_1_122' title='bbox 562 1312 790 1362; x_wconf 86' lang='lat' dir='ltr'>utramque</span> <span class='ocrx_word' id='word_1_123' title='bbox 810 1315 900 1345; x_wconf 88' lang='lat' dir='ltr'>rem</span> <span class='ocrx_word' id='word_1_124' title='bbox 922 1300 1035 1345; x_wconf 88' lang='lat' dir='ltr'>inter</span> <span class='ocrx_word' id='word_1_125' title='bbox 1049 1298 1089 1345; x_wconf 87' lang='lat' dir='ltr'>se</span> <span class='ocrx_word' id='word_1_126' title='bbox 1110 1299 1298 1344; x_wconf 89' lang='lat' dir='ltr'>meando</span> <span class='ocrx_word' id='word_1_127' title='bbox 1320 1297 1451 1344; x_wconf 85' lang='lat' dir='ltr'>dista-</span> 
     </span>
     <span class='ocr_line' id='line_1_18' title="bbox 172 1372 1450 1437; baseline -0.002 -18"><span class='ocrx_word' id='word_1_128' title='bbox 172 1390 232 1420; x_wconf 85' lang='lat' dir='ltr'>re.</span> <span class='ocrx_word' id='word_1_129' title='bbox 264 1373 513 1437; x_wconf 70' lang='lat' dir='ltr'>fulguratio</span> <span class='ocrx_word' id='word_1_130' title='bbox 539 1373 599 1419; x_wconf 91' lang='lat' dir='ltr'>est</span> <span class='ocrx_word' id='word_1_131' title='bbox 617 1373 781 1420; x_wconf 84' lang='lat' dir='ltr'>fulmen</span> <span class='ocrx_word' id='word_1_132' title='bbox 798 1406 812 1429; x_wconf 92' lang='lat'>,</span> <span class='ocrx_word' id='word_1_133' title='bbox 844 1390 936 1419; x_wconf 90' lang='lat' dir='ltr'>non</span> <span class='ocrx_word' id='word_1_134' title='bbox 963 1373 1006 1418; x_wconf 86' lang='lat' dir='ltr'>in</span> <span class='ocrx_word' id='word_1_135' title='bbox 1031 1387 1165 1419; x_wconf 83' lang='lat' dir='ltr'>terras</span> <span class='ocrx_word' id='word_1_136' title='bbox 1191 1372 1328 1435; x_wconf 85' lang='lat' dir='ltr'>usque</span> <span class='ocrx_word' id='word_1_137' title='bbox 1348 1388 1450 1434; x_wconf 88' lang='lat' dir='ltr'>per-</span> 
     </span>
     <span class='ocr_line' id='line_1_19' title="bbox 172 1444 1451 1509; baseline -0.002 -15"><span class='ocrx_word' id='word_1_138' title='bbox 172 1449 320 1494; x_wconf 81' lang='lat' dir='ltr'>latum.</span> <span class='ocrx_word' id='word_1_139' title='bbox 346 1451 398 1494; x_wconf 83' lang='lat' dir='ltr'>Et</span> <span class='ocrx_word' id='word_1_140' title='bbox 424 1448 566 1495; x_wconf 85' lang='lat' dir='ltr'>rursus</span> <span class='ocrx_word' id='word_1_141' title='bbox 591 1448 692 1495; x_wconf 91' lang='lat' dir='ltr'>licet</span> <span class='ocrx_word' id='word_1_142' title='bbox 720 1444 863 1505; x_wconf 67' lang='lat' dir='ltr'>dicas,</span> <span class='ocrx_word' id='word_1_143' title='bbox 891 1448 1055 1493; x_wconf 82' lang='lat' dir='ltr'>fulmen</span> <span class='ocrx_word' id='word_1_144' title='bbox 1084 1447 1168 1492; x_wconf 80' lang='lat' dir='ltr'>effe</span> <span class='ocrx_word' id='word_1_145' title='bbox 1193 1446 1451 1509; x_wconf 79' lang='lat' dir='ltr'>fulguratio-</span> 
     </span>
     <span class='ocr_line' id='line_1_20' title="bbox 173 1522 1449 1586; baseline -0.003 -17"><span class='ocrx_word' id='word_1_146' title='bbox 173 1540 301 1579; x_wconf 90' lang='lat' dir='ltr'>nem,</span> <span class='ocrx_word' id='word_1_147' title='bbox 332 1524 466 1586; x_wconf 89' lang='lat' dir='ltr'>usque</span> <span class='ocrx_word' id='word_1_148' title='bbox 494 1523 536 1568; x_wconf 88' lang='lat' dir='ltr'>in</span> <span class='ocrx_word' id='word_1_149' title='bbox 566 1534 701 1570; x_wconf 85' lang='lat' dir='ltr'>terras</span> <span class='ocrx_word' id='word_1_150' title='bbox 724 1523 991 1584; x_wconf 65' lang='lat' dir='ltr'>perdufiam.</span> <span class='ocrx_word' id='word_1_151' title='bbox 1024 1522 1127 1567; x_wconf 89' lang='lat' dir='ltr'>Non</span> <span class='ocrx_word' id='word_1_152' title='bbox 1155 1522 1208 1566; x_wconf 90' lang='lat' dir='ltr'>ad</span> <span class='ocrx_word' id='word_1_153' title='bbox 1238 1537 1449 1566; x_wconf 81' lang='lat' dir='ltr'>exercen-</span> 
     </span>
     <span class='ocr_line' id='line_1_21' title="bbox 171 1591 1449 1657; baseline -0.002 -18"><span class='ocrx_word' id='word_1_154' title='bbox 171 1595 275 1640; x_wconf 86' lang='lat' dir='ltr'>dum</span> <span class='ocrx_word' id='word_1_155' title='bbox 294 1595 429 1641; x_wconf 85' lang='lat' dir='ltr'>verba</span> <span class='ocrx_word' id='word_1_156' title='bbox 447 1595 554 1641; x_wconf 80' lang='lat' dir='ltr'>haec</span> <span class='ocrx_word' id='word_1_157' title='bbox 573 1594 730 1640; x_wconf 84' lang='lat' dir='ltr'>diutius</span> <span class='ocrx_word' id='word_1_158' title='bbox 747 1595 963 1657; x_wconf 63' lang='lat' dir='ltr'>pertracto</span> <span class='ocrx_word' id='word_1_159' title='bbox 984 1609 995 1636; x_wconf 80' lang='lat' dir='ltr'><em>z</em></span> <span class='ocrx_word' id='word_1_160' title='bbox 1015 1592 1087 1638; x_wconf 90' lang='lat' dir='ltr'>sed</span> <span class='ocrx_word' id='word_1_161' title='bbox 1108 1605 1152 1637; x_wconf 90' lang='lat' dir='ltr'>ut</span> <span class='ocrx_word' id='word_1_162' title='bbox 1170 1591 1246 1638; x_wconf 85' lang='lat' dir='ltr'>ista</span> <span class='ocrx_word' id='word_1_163' title='bbox 1266 1604 1449 1655; x_wconf 84' lang='lat' dir='ltr'>cognata</span> 
     </span>
     <span class='ocr_line' id='line_1_22' title="bbox 170 1665 1449 1728; baseline -0.002 -17"><span class='ocrx_word' id='word_1_164' title='bbox 170 1667 280 1722; x_wconf 77' lang='lat' dir='ltr'>effe,</span> <span class='ocrx_word' id='word_1_165' title='bbox 307 1680 349 1713; x_wconf 89' lang='lat' dir='ltr'>et</span> <span class='ocrx_word' id='word_1_166' title='bbox 369 1668 557 1714; x_wconf 85' lang='lat' dir='ltr'>eiusdem</span> <span class='ocrx_word' id='word_1_167' title='bbox 579 1683 706 1713; x_wconf 88' lang='lat' dir='ltr'>notae</span> <span class='ocrx_word' id='word_1_168' title='bbox 726 1684 775 1713; x_wconf 84' lang='lat' dir='ltr'>ac</span> <span class='ocrx_word' id='word_1_169' title='bbox 802 1679 978 1712; x_wconf 83' lang='lat' dir='ltr'>naturae</span> <span class='ocrx_word' id='word_1_170' title='bbox 994 1701 1007 1723; x_wconf 90' lang='lat'>‚</span> <span class='ocrx_word' id='word_1_171' title='bbox 1034 1666 1235 1728; x_wconf 78' lang='lat' dir='ltr'><strong>probem.</strong></span> <span class='ocrx_word' id='word_1_172' title='bbox 1271 1665 1449 1709; x_wconf 79' lang='lat' dir='ltr'>Fu1men</span> 
     </span>
     <span class='ocr_line' id='line_1_23' title="bbox 171 1736 1448 1802; baseline -0.001 -19"><span class='ocrx_word' id='word_1_173' title='bbox 171 1739 231 1784; x_wconf 77' lang='lat' dir='ltr'>est</span> <span class='ocrx_word' id='word_1_174' title='bbox 255 1739 461 1801; x_wconf 75' lang='lat' dir='ltr'>quiddam</span> <span class='ocrx_word' id='word_1_175' title='bbox 488 1740 602 1801; x_wconf 86' lang='lat' dir='ltr'>plus,</span> <span class='ocrx_word' id='word_1_176' title='bbox 633 1756 760 1801; x_wconf 81' lang='lat' dir='ltr'>quam</span> <span class='ocrx_word' id='word_1_177' title='bbox 782 1738 1030 1802; x_wconf 78' lang='lat' dir='ltr'>fulguratio.</span> <span class='ocrx_word' id='word_1_178' title='bbox 1070 1742 1300 1784; x_wconf 86' lang='lat' dir='ltr'>Vertamus</span> <span class='ocrx_word' id='word_1_179' title='bbox 1325 1736 1448 1783; x_wconf 84' lang='lat' dir='ltr'>istud.</span> 
     </span>
     <span class='ocr_line' id='line_1_24' title="bbox 172 1812 856 1875; baseline 0 -18"><span class='ocrx_word' id='word_1_180' title='bbox 172 1812 422 1872; x_wconf 67' lang='lat' dir='ltr'>Fulguratio</span> <span class='ocrx_word' id='word_1_181' title='bbox 442 1813 501 1858; x_wconf 87' lang='lat' dir='ltr'>est</span> <span class='ocrx_word' id='word_1_182' title='bbox 520 1830 656 1875; x_wconf 88' lang='lat' dir='ltr'>paene</span> <span class='ocrx_word' id='word_1_183' title='bbox 679 1813 856 1858; x_wconf 82' lang='lat' dir='ltr'>fulmen.</span> 
     </span>
    </p>

    <p class='ocr_par' dir='ltr' id='par_1_4' title="bbox 168 1882 1446 2456">
     <span class='ocr_line' id='line_1_25' title="bbox 232 1882 1443 1947; baseline 0.001 -19"><span class='ocrx_word' id='word_1_184' title='bbox 232 1883 379 1929; x_wconf 82' lang='lat' dir='ltr'>XXII.</span> <span class='ocrx_word' id='word_1_185' title='bbox 395 1884 623 1943; x_wconf 77' lang='lat' dir='ltr'>Quoniam</span> <span class='ocrx_word' id='word_1_186' title='bbox 646 1883 813 1930; x_wconf 84' lang='lat' dir='ltr'>constat</span> <span class='ocrx_word' id='word_1_187' title='bbox 830 1882 912 1930; x_wconf 81' lang='lat' dir='ltr'>effe</span> <span class='ocrx_word' id='word_1_188' title='bbox 929 1895 1156 1947; x_wconf 78' lang='lat' dir='ltr'>utramque</span> <span class='ocrx_word' id='word_1_189' title='bbox 1170 1900 1260 1932; x_wconf 84' lang='lat' dir='ltr'>rem</span> <span class='ocrx_word' id='word_1_190' title='bbox 1279 1882 1443 1946; x_wconf 87' lang='lat' dir='ltr'>ignem,</span> 
     </span>
     <span class='ocr_line' id='line_1_26' title="bbox 168 1955 1443 2021; baseline -0.001 -18"><span class='ocrx_word' id='word_1_191' title='bbox 168 1955 393 2004; x_wconf 83' lang='lat' dir='ltr'>videamus</span> <span class='ocrx_word' id='word_1_192' title='bbox 413 1957 792 2019; x_wconf 83' lang='lat' dir='ltr'>quemadmodum</span> <span class='ocrx_word' id='word_1_193' title='bbox 813 1958 932 2020; x_wconf 87' lang='lat' dir='ltr'>apud</span> <span class='ocrx_word' id='word_1_194' title='bbox 952 1974 1033 2005; x_wconf 83' lang='lat' dir='ltr'>nos</span> <span class='ocrx_word' id='word_1_195' title='bbox 1053 1956 1147 2003; x_wconf 85' lang='lat' dir='ltr'>fieri</span> <span class='ocrx_word' id='word_1_196' title='bbox 1171 1957 1304 2003; x_wconf 80' lang='lat' dir='ltr'>soleat</span> <span class='ocrx_word' id='word_1_197' title='bbox 1321 1957 1443 2021; x_wconf 83' lang='lat' dir='ltr'>ignis.</span> 
     </span>
     <span class='ocr_line' id='line_1_27' title="bbox 172 2028 1446 2091; baseline 0.002 -19"><span class='ocrx_word' id='word_1_198' title='bbox 172 2028 331 2073; x_wconf 86' lang='lat' dir='ltr'>Eadem</span> <span class='ocrx_word' id='word_1_199' title='bbox 347 2029 461 2073; x_wconf 88' lang='lat' dir='ltr'>enim</span> <span class='ocrx_word' id='word_1_200' title='bbox 483 2029 652 2075; x_wconf 87' lang='lat' dir='ltr'>ratione</span> <span class='ocrx_word' id='word_1_201' title='bbox 670 2042 711 2074; x_wconf 89' lang='lat' dir='ltr'>et</span> <span class='ocrx_word' id='word_1_202' title='bbox 726 2029 849 2091; x_wconf 81' lang='lat' dir='ltr'>supra</span> <span class='ocrx_word' id='word_1_203' title='bbox 867 2028 927 2075; x_wconf 85' lang='lat' dir='ltr'>fit.</span> <span class='ocrx_word' id='word_1_204' title='bbox 945 2030 1136 2076; x_wconf 90' lang='lat' dir='ltr'>Duobus</span> <span class='ocrx_word' id='word_1_205' title='bbox 1153 2030 1321 2076; x_wconf 88' lang='lat' dir='ltr'>modis:</span> <span class='ocrx_word' id='word_1_206' title='bbox 1337 2046 1446 2087; x_wconf 89' lang='lat' dir='ltr'>uno,</span> 
     </span>
     <span class='ocr_line' id='line_1_28' title="bbox 170 2096 1442 2162; baseline 0.003 -20"><span class='ocrx_word' id='word_1_207' title='bbox 170 2096 199 2142; x_wconf 80' lang='lat' dir='ltr'>{i</span> <span class='ocrx_word' id='word_1_208' title='bbox 219 2098 430 2144; x_wconf 85' lang='lat' dir='ltr'>excitatur</span> <span class='ocrx_word' id='word_1_209' title='bbox 450 2099 557 2146; x_wconf 87' lang='lat' dir='ltr'>ficut</span> <span class='ocrx_word' id='word_1_210' title='bbox 576 2117 631 2146; x_wconf 80' lang='lat' dir='ltr'>ex</span> <span class='ocrx_word' id='word_1_211' title='bbox 650 2100 792 2162; x_wconf 85' lang='lat' dir='ltr'>lapide</span> <span class='ocrx_word' id='word_1_212' title='bbox 814 2101 1014 2162; x_wconf 79' lang='lat' dir='ltr'>percuffo</span> <span class='ocrx_word' id='word_1_213' title='bbox 1033 2119 1043 2147; x_wconf 77' lang='grc' dir='ltr'><strong><em>ε</em></strong></span> <span class='ocrx_word' id='word_1_214' title='bbox 1064 2101 1201 2147; x_wconf 85' lang='lat' dir='ltr'>altero</span> <span class='ocrx_word' id='word_1_215' title='bbox 1215 2136 1228 2157; x_wconf 94' lang='lat'>‚</span> <span class='ocrx_word' id='word_1_216' title='bbox 1245 2100 1276 2147; x_wconf 89' lang='lat' dir='ltr'>fi</span> <span class='ocrx_word' id='word_1_217' title='bbox 1292 2101 1442 2153; x_wconf 77' lang='lat' dir='ltr'>attrim</span> 
     </span>
     <span class='ocr_line' id='line_1_29' title="bbox 169 2169 1445 2235; baseline 0.004 -21"><span class='ocrx_word' id='word_1_218' title='bbox 169 2169 417 2228; x_wconf 84' lang='lat' dir='ltr'>invenitur,</span> <span class='ocrx_word' id='word_1_219' title='bbox 447 2170 552 2218; x_wconf 81' lang='lat' dir='ltr'>ficut</span> <span class='ocrx_word' id='word_1_220' title='bbox 572 2190 673 2219; x_wconf 87' lang='lat' dir='ltr'>cum</span> <span class='ocrx_word' id='word_1_221' title='bbox 697 2173 787 2218; x_wconf 92' lang='lat' dir='ltr'>duo</span> <span class='ocrx_word' id='word_1_222' title='bbox 819 2173 934 2235; x_wconf 80' lang='lat' dir='ltr'>ligna</span> <span class='ocrx_word' id='word_1_223' title='bbox 961 2173 1074 2220; x_wconf 83' lang='lat' dir='ltr'>inter</span> <span class='ocrx_word' id='word_1_224' title='bbox 1106 2173 1146 2219; x_wconf 91' lang='lat' dir='ltr'>se</span> <span class='ocrx_word' id='word_1_225' title='bbox 1169 2172 1329 2219; x_wconf 89' lang='lat' dir='ltr'>diutius</span> <span class='ocrx_word' id='word_1_226' title='bbox 1346 2172 1445 2219; x_wconf 86' lang='lat' dir='ltr'>trita</span> 
     </span>
     <span class='ocr_line' id='line_1_30' title="bbox 173 2243 1445 2309; baseline 0.003 -20"><span class='ocrx_word' id='word_1_227' title='bbox 173 2243 278 2289; x_wconf 86' lang='lat' dir='ltr'>sunt.</span> <span class='ocrx_word' id='word_1_228' title='bbox 298 2247 402 2290; x_wconf 89' lang='lat' dir='ltr'>Non</span> <span class='ocrx_word' id='word_1_229' title='bbox 424 2246 566 2291; x_wconf 84' lang='lat' dir='ltr'>omnis</span> <span class='ocrx_word' id='word_1_230' title='bbox 582 2246 669 2292; x_wconf 91' lang='lat' dir='ltr'>hoc</span> <span class='ocrx_word' id='word_1_231' title='bbox 689 2246 766 2291; x_wconf 84' lang='lat' dir='ltr'>tibi</span> <span class='ocrx_word' id='word_1_232' title='bbox 789 2246 962 2293; x_wconf 83' lang='lat' dir='ltr'>materia</span> <span class='ocrx_word' id='word_1_233' title='bbox 982 2246 1237 2309; x_wconf 86' lang='lat' dir='ltr'>praestabit,</span> <span class='ocrx_word' id='word_1_234' title='bbox 1257 2246 1329 2293; x_wconf 90' lang='lat' dir='ltr'>sed</span> <span class='ocrx_word' id='word_1_235' title='bbox 1345 2246 1445 2293; x_wconf 85' lang='lat' dir='ltr'>ido-</span> 
     </span>
     <span class='ocr_line' id='line_1_31' title="bbox 170 2315 1445 2379; baseline 0.005 -20"><span class='ocrx_word' id='word_1_236' title='bbox 170 2331 248 2360; x_wconf 90' lang='lat' dir='ltr'>nea</span> <span class='ocrx_word' id='word_1_237' title='bbox 266 2315 487 2362; x_wconf 77' lang='lat' dir='ltr'>eliciendis</span> <span class='ocrx_word' id='word_1_238' title='bbox 504 2316 704 2379; x_wconf 86' lang='lat' dir='ltr'>ignibus:</span> <span class='ocrx_word' id='word_1_239' title='bbox 735 2317 840 2364; x_wconf 85' lang='lat' dir='ltr'>ficut</span> <span class='ocrx_word' id='word_1_240' title='bbox 859 2318 1026 2374; x_wconf 86' lang='lat' dir='ltr'>laurus,</span> <span class='ocrx_word' id='word_1_241' title='bbox 1059 2317 1269 2373; x_wconf 83' lang='lat' dir='ltr'>hederae,</span> <span class='ocrx_word' id='word_1_242' title='bbox 1297 2332 1342 2364; x_wconf 91' lang='lat' dir='ltr'>et</span> <span class='ocrx_word' id='word_1_243' title='bbox 1365 2318 1445 2366; x_wconf 86' lang='lat' dir='ltr'>alia</span> 
     </span>
     <span class='ocr_line' id='line_1_32' title="bbox 170 2386 1442 2456; baseline 0.004 -22"><span class='ocrx_word' id='word_1_244' title='bbox 170 2386 215 2434; x_wconf 86' lang='lat' dir='ltr'>in</span> <span class='ocrx_word' id='word_1_245' title='bbox 240 2388 354 2436; x_wconf 89' lang='lat' dir='ltr'>hunc</span> <span class='ocrx_word' id='word_1_246' title='bbox 376 2388 498 2436; x_wconf 85' lang='lat' dir='ltr'>usum</span> <span class='ocrx_word' id='word_1_247' title='bbox 530 2400 634 2436; x_wconf 85' lang='lat' dir='ltr'>nota</span> <span class='ocrx_word' id='word_1_248' title='bbox 659 2389 912 2453; x_wconf 86' lang='lat' dir='ltr'>pastoribus.</span> <span class='ocrx_word' id='word_1_249' title='bbox 939 2389 1083 2439; x_wconf 83' lang='lat' dir='ltr'>Potest</span> <span class='ocrx_word' id='word_1_250' title='bbox 1111 2407 1217 2456; x_wconf 86' lang='lat' dir='ltr'>ergo</span> <span class='ocrx_word' id='word_1_251' title='bbox 1244 2390 1360 2452; x_wconf 85' lang='lat' dir='ltr'>fieri,</span> <span class='ocrx_word' id='word_1_252' title='bbox 1393 2403 1442 2440; x_wconf 90' lang='lat' dir='ltr'>ut</span> 
     </span>
    </p>
   </div>
  </div>
 </body>
</html>
