1730 2870
375 124 636 172 NATUR.
688 121 984 184 QUAEST.
1035 121 1152 168 LIB.
1186 122 1218 168 Ι.
1349 121 1436 186 185

156 231 349 294 Qualem
369 231 493 279 fuiffe
522 231 687 278 cultum
718 243 843 294 putas
861 231 915 277 ad
934 230 1022 277 hoc
1051 228 1274 292 speculum
1295 227 1336 275 se
1357 244 1444 274 co-

156 306 405 354 mentium?
425 310 551 352 Aetas
569 305 638 351 illa
658 305 920 368 simplicior,
939 317 981 351 et
1001 303 1194 351 fortuitis
1217 314 1445 362 contenta5

158 380 354 426 nondum
374 378 419 425 in
448 377 608 426 vitium
632 377 894 425 beneficium
919 379 1236 441 detorquebat,
1266 393 1347 423 nec
1367 377 1445 423 in·-

157 466 339 501 ventum
359 463 533 498 naturae
551 450 595 497 in
613 451 836 498 libidinem
861 452 1098 514 luxumque
1117 450 1328 513 rapiebat,
1346 448 1445 496 Pri-

155 540 233 570 mo
251 522 409 570 faciem
432 523 548 570 suam
570 524 730 587 cuique
756 522 875 571 casus
896 522 1088 570 ostendit
1110 541 1120 569 ε
1149 523 1306 570 deinde
1336 539 1438 570 cum
1494 582 1497 584 ,

156 598 304 646 infitus
327 598 385 644 sui
406 597 664 645 mortalibus
692 613 846 656 amor,
870 597 1044 643 dulcem
1065 596 1312 659 adspectum
1345 596 1438 642 for·

156 687 253 717 mae
288 672 384 718 suae
414 669 600 730 faceret,
633 670 795 733 saepius
825 687 874 717 ea
910 670 1172 732 despexere,
1202 670 1246 714 in
1283 668 1443 732 quibus

158 744 279 807 prius
306 744 470 807 effigies
501 744 592 790 suas
621 743 834 789 viderant.
866 743 1100 806 Postquam
1130 742 1324 790 deterior
1353 759 1441 804 po-
1499 746 1503 768 '·

158 818 282 880 pulus
308 817 417 879 ipsas
436 816 561 864 subiit
583 828 739 873 terras,
758 816 987 864 effoffurus
1005 817 1255 874 obruenda,
1275 816 1442 863 ferrum
1502 825 1518 876 'g

159 890 307 952 primo
332 890 376 936 in
397 889 475 936 usu
505 889 614 946 fuit,
645 902 687 934 et
715 890 759 935 id
785 889 986 936 homines
1011 889 1191 951 impune
1214 898 1447 947 eruerant,

161 962 190 1007 fi
225 961 364 1008 solum
394 962 613 1008 eruissent.
647 962 777 1008 Tunc
804 963 984 1008 demum
1016 962 1098 1007 alia
1127 973 1268 1008 terrae
1305 962 1449 1018 mala,

159 1053 352 1099 quorum
370 1035 546 1083 laevitas
571 1036 688 1082 aliud
708 1036 935 1100 agentibus
960 1035 1150 1099 speciem
1176 1036 1295 1082 suam
1317 1035 1448 1082 obtu-

161 1109 224 1167 lit,
242 1126 375 1172 quam
396 1110 466 1156 hic
485 1110 529 1156 in
544 1110 726 1171 poculo,
746 1110 816 1155 ille
834 1108 878 1155 in
897 1126 994 1156 aere
1013 1109 1068 1155 ad
1086 1109 1194 1155 alios
1215 1108 1313 1155 usus
1327 1125 1448 1156 com-

161 1194 312 1244 parato
334 1181 458 1229 vidit.
502 1195 545 1228 et
572 1198 678 1228 mox
700 1182 900 1245 proprius
920 1183 1018 1230 huic
1047 1181 1290 1229 ministerio
1317 1197 1445 1244 prae-

159 1270 333 1317 paratus
358 1255 418 1303 est
438 1254 556 1300 orbis
576 1272 587 1299 z
610 1256 807 1302 nondum
828 1255 998 1318 argenti
1024 1253 1167 1310 nitor,
1194 1252 1266 1299 sed
1284 1251 1447 1314 fragilis

159 1327 342 1390 vilisque
362 1327 553 1373 materia.
584 1328 715 1374 Tunc
746 1344 926 1390 quoque
948 1343 1047 1374 cum
1079 1325 1247 1389 antiqui
1265 1324 1328 1370 illi
1356 1323 1444 1371 viri

160 1399 385 1446 incondite
406 1399 639 1456 viverent,
666 1400 763 1446 satis
789 1399 945 1456 nitidi,
975 1398 1005 1444 si
1038 1398 1280 1462 squalorem
1309 1413 1448 1460 opere

163 1474 396 1519 collectum
431 1473 614 1520 adverso
651 1473 835 1519 flumine
869 1474 1092 1529 eluerent,
1133 1488 1235 1518 cura
1269 1487 1447 1518 cornere

165 1544 368 1606 capillum
400 1543 501 1602 fuit,
534 1561 582 1590 ac
617 1545 942 1605 prominentem
971 1543 1150 1591 barbam
1188 1542 1448 1605 depectere:

165 1629 209 1662 et
231 1616 275 1661 in
299 1616 378 1662 hac
395 1633 440 1662 re
468 1617 648 1679 quisque
670 1616 745 1662 fibi
761 1653 774 1673 ‚
803 1617 1012 1680 alterique
1031 1631 1212 1678 operam
1235 1615 1362 1660 dabat
1380 1614 1450 1659 in-

164 1690 322 1736 vicem.
352 1689 606 1751 Coniugum
644 1691 820 1753 quidem
857 1707 990 1736 manu
1025 1689 1157 1735 crinis
1190 1686 1286 1744 ille,
1317 1703 1450 1749 quem

165 1761 387 1806 effundere
417 1760 526 1806 olim
553 1777 650 1807 mos
676 1761 781 1807 viris
807 1760 914 1818 fuit,
940 1758 1242 1807 attre&abatur
1263 1775 1273 1802 :
1303 1756 1375 1804 sed
1399 1758 1452 1803 il-

164 1834 256 1880 lum
290 1833 365 1879 fibi
389 1832 476 1878 fine
512 1833 602 1879 ullo
631 1832 793 1879 artifice
829 1831 1015 1878 formofi
1045 1829 1325 1893 quatiebant,
1357 1845 1450 1875 non

166 1905 288 1952 aliter
315 1923 447 1968 quam
465 1905 611 1952 iubam
633 1904 842 1969 generosa
871 1903 1086 1950 animalia.
1118 1901 1271 1948 Postea
1302 1918 1452 1948 rerum

166 1978 255 2024 iam
279 1978 474 2040 potiente
497 1978 689 2033 luxuria,
720 1976 892 2040 specula
917 1977 1022 2023 totis
1042 1976 1160 2038 paria
1190 1974 1454 2037 corporibus

169 2067 280 2096 auro
299 2064 570 2114 argentoque
589 2051 747 2097 caelata
763 2051 882 2108 sunt,
906 2049 1093 2112 denique
1115 2048 1301 2111 gemmis
1321 2047 1453 2092 ador-

168 2136 292 2170 nata:
318 2136 359 2169 et
383 2124 519 2186 pluris
546 2142 682 2170 unum
704 2141 756 2169 ex
778 2123 843 2170 his
873 2123 1062 2169 feminae
1081 2120 1304 2175 constitit,
1323 2135 1455 2181 quam

168 2196 444 2258 antiquarum
475 2197 556 2241 dos
581 2196 660 2241 fuit
687 2195 757 2240 illa
774 2230 786 2249 ‚
820 2211 933 2257 quae
964 2194 1138 2256 publice
1163 2193 1345 2237 dabatur
1370 2192 1455 2236 im-

172 2282 427 2332 peratorum
461 2285 701 2332 pauperum
728 2268 910 2313 filiabus.
947 2271 1018 2312 An
1049 2281 1096 2313 tu
1125 2265 1339 2313 existimas
1356 2300 1369 2322 ,
1398 2282 1454 2312 ex

176 2357 288 2386 auro
306 2341 490 2387 nitidum
509 2340 698 2386 habuisse
715 2340 932 2401 Scipionis
953 2339 1058 2385 filias
1080 2339 1303 2401 speculum
1319 2369 1333 2394 ‚
1353 2354 1453 2385 cum

174 2412 259 2461 illis
287 2413 368 2461 dos
387 2413 531 2467 fuiffet
557 2429 628 2462 aes
658 2413 823 2477 grave?
854 2414 898 2458 O
925 2427 1152 2476 paupertas
1181 2410 1309 2470 felix,
1345 2426 1457 2474 quae
