1730 2870
331 121 599 194 NATUR.
646 120 944 181 QUAEST.
993 119 1110 165 ΜΒ.
1152 119 1227 165 iv,
1330 134 1419 182 273

146 230 240 288 lae;
262 246 314 278 ex
332 229 489 293 quibus
505 243 660 290 magna
681 226 750 274 vis
766 226 962 275 funditur
975 256 990 280 ‚
1015 242 1106 272 non
1124 238 1268 273 tamen
1286 238 1426 289 quan—

146 318 188 351 ta
212 297 388 366 operire
407 300 546 364 poffet
568 301 839 363 Aegyptum.
865 300 913 344 In
940 299 1046 346 haec
1071 315 1149 344 ora
1174 299 1327 362 stipem
1357 299 1422 346 sa*

147 378 368 433 cerdotes,
386 386 429 421 et
449 389 577 420 aurea
597 373 715 419 dona
735 371 962 434 praefefii,
992 388 1090 419 cum
1111 372 1286 420 solenne
1303 373 1437 430 venit

147 453 337 507 sacrum,
365 448 544 495 iaciunt.
570 446 686 493 Hinc
712 447 798 492 iam
828 443 1078 500 manifestus
1102 461 1323 493 novarum
1339 447 1435 498 *vi-A

147 528 261 573 rium
287 523 411 570 Nilus
430 556 442 580 ‚
462 522 552 568 alto
569 539 619 568 ac
637 513 860 583 profundo
880 519 1010 566 alveo
1031 518 1172 567 fertur
1187 556 1201 579 ‚
1228 539 1281 569 ne
1297 522 1343 568 in
1362 521 1436 575 la-;

146 598 377 646 titudinem
417 596 598 643 excedat
626 594 802 642 obiectu
827 593 1048 641 montium
1082 594 1257 656 preffus.
1295 596 1429 643 Circa

146 670 394 733 Memphim
414 669 590 715 demum
615 667 747 724 liber,
766 679 811 714 et
836 683 914 729 per
928 666 1183 729 campestria
1202 685 1338 732 vagus
1354 705 1367 727 ‚
1382 670 1430 716 in

126 744 271 807 *plura
301 742 510 788 scinditur
537 739 744 796 flumina,
768 752 988 803 manuque
1018 739 1237 786 canalibus
1265 740 1390 789 factis
1411 771 1437 796 ‚-

139 830 193 863 rut
213 817 261 862 sit
282 815 439 861 modus
458 814 503 859 in
527 813 817 860 derivantium
838 810 1071 875 potestate,
1091 829 1169 875 per
1186 826 1326 861 totam
1345 814 1429 862 dis-

97 926 104 930 .
144 889 280 936 currit
314 893 579 952 Aegyptum.
617 886 749 932 Initio
791 886 1016 933 diducitur
1033 921 1046 944 ‚
1089 887 1246 933 deinde
1283 876 1428 935 conti—

146 963 287 1009 nuatis
306 962 426 1024 aquis
455 959 500 1006 in
535 958 692 1006 faciem
715 959 790 1005 lati
820 975 870 1005 ac
895 959 1057 1006 turbidi
1084 959 1213 1008 maris
1237 960 1430 1025 stagnatt

147 1035 320 1083 cursum
348 1034 410 1080 illi
430 1033 775 1095 violentiamque
807 1032 936 1094 eripit
955 1032 1139 1080 latitudo
1166 1034 1428 1097 regionum,

146 1109 190 1155 in
211 1124 318 1171 quas
335 1105 614 1161 extenditur,
637 1106 788 1151 dextra
813 1105 1025 1169 laevaque
1041 1118 1179 1153 totam
1202 1108 1429 1170 amplexus
1490 1130 1493 1135 ¹

146 1184 417 1244 Aegyptum.
448 1182 673 1240 Quantum
710 1179 850 1228 crevit
879 1180 1035 1238 Nilus,
1064 1193 1232 1228 tantum
1258 1183 1348 1244 spei
1377 1183 1427 1231 in

147 1270 307 1301 annum
327 1252 398 1299 est.
418 1253 460 1298 N
464 1269 513 1298 ec
530 1252 805 1314 computatio
827 1251 933 1298 fallit
950 1253 1188 1316 agricolam
1207 1271 1218 1300 ε
1238 1255 1351 1301 adeo
1370 1256 1428 1301 'ad

146 1328 391 1375 mensuram
422 1326 616 1372 fluminis
646 1326 913 1389 respondet,
939 1343 1071 1390 quam
1099 1327 1288 1376 fertilem
1319 1327 1428 1376 facit

145 1398 282 1444 Nilus.
314 1398 351 1442 Is
379 1394 565 1442 arenoso
590 1406 635 1441 et
652 1394 809 1442 fitienti
838 1395 932 1441 solo
952 1408 994 1441 et
1020 1411 1177 1458 aquam
1196 1396 1363 1443 inducit
1382 1411 1427 1445 et

146 1483 318 1517 terram.
338 1469 451 1514 Nam
472 1485 574 1514 cum
594 1468 865 1514 turbulentus
884 1467 1019 1525 fluat,
1043 1485 1223 1515 omnem
1242 1470 1285 1514 in
1306 1470 1428 1517 siccis

147 1556 277 1605 atque
305 1539 523 1586 hiantibus
553 1540 662 1587 locis
689 1539 854 1586 faecem
881 1540 1116 1604 relinquit:
1147 1552 1189 1587 et
1209 1542 1427 1605 quidquid

148 1613 308 1676 pingue
313 1612 479 1679 lsecum
498 1611 620 1670 tulit,
646 1612 867 1659 arentibus
892 1611 1000 1658 locis
1025 1612 1186 1658 allinit:
1217 1612 1427 1677 iuvatque

146 1702 276 1748 agros
304 1685 468 1731 duabus
491 1701 545 1731 ex
574 1685 734 1743 caulis,
765 1697 807 1732 et
838 1685 958 1747 quod
988 1684 1200 1742 inundat,
1230 1698 1273 1732 et
1304 1687 1427 1749 quod

147 1758 342 1804 oblimat.
376 1760 436 1803 lta
452 1756 669 1820 quidquid
688 1773 779 1803 non
803 1757 932 1816 adiit,
955 1756 1096 1803 sterile
1114 1773 1164 1803 ac
1184 1757 1428 1820 squalidum

147 1831 268 1879 iacet.
302 1831 346 1878 Si
376 1832 518 1878 crevit
546 1831 675 1894 super
695 1831 915 1888 debitum,
945 1831 1109 1879 nocuit.
1145 1832 1259 1878 Mira
1289 1849 1428 1896 aeque.

147 1918 298 1952 natura
316 1905 532 1964 fluminis,
559 1905 683 1969 quod
706 1922 804 1952 cum
824 1906 961 1953 ceteri
981 1922 1129 1953 amnes
1148 1907 1322 1954 abluant
1340 1923 1428 1954 ter—-

146 1996 214 2026 ras
246 1992 291 2027 et
321 1981 583 2038 eviscerent,
620 1979 746 2026 Nilus
773 1991 895 2027 tanto
931 1980 1085 2034 ceteris
1114 1981 1286 2036 maior,
1315 1983 1427 2030 adeo

149 2054 259 2101 nibil
287 2055 458 2113 exedit,
490 2070 572 2101 nec
593 2053 786 2109 abradit,
820 2069 867 2101 ut
897 2070 1051 2101 contra
1081 2055 1252 2103 adiiciat
1279 2057 1396 2104 vires
1416 2093 1430 2112 ‚

150 2128 468 2191 minimumque
500 2128 548 2175 in
574 2144 630 2174 eo
658 2127 708 2175 fit
732 2129 857 2192 quod
885 2129 1022 2176 solum
1045 2142 1274 2190 temperet.
1306 2131 1430 2177 Illato

149 2201 266 2248 enim
292 2201 424 2259 limo,
460 2217 608 2248 arenas
639 2201 796 2249 saturat
829 2219 880 2249 ac
908 2201 1061 2267 iungit.
1098 2203 1337 2267 Debetque
1366 2204 1429 2251 illi

151 2281 381 2341 Aegyptus
402 2292 491 2322 non
510 2288 678 2323 tantum
708 2275 972 2324 fertilitatem
993 2291 1234 2336 terrarum,
1261 2278 1333 2325 sed
1360 2278 1432 2341 ip-

150 2349 227 2399 sas.
258 2349 332 2394 Illa
356 2348 486 2395 facies
509 2348 800 2410 pulcherrima
822 2348 913 2406 est,
938 2366 1038 2397 cum
1059 2349 1143 2396 iam
1163 2349 1205 2406 se
1231 2350 1278 2397 in
1305 2367 1434 2415 agros

150 2422 276 2488 Nilus
292 2420 471 2485 ingeffit.
493 2423 644 2483 Latent
667 2419 843 2483 campi,
871 2436 1137 2488 opertaeque
1156 2421 1251 2470 sunt
1268 2424 1432 2474 valles:

223 2497 272 2542 L.
301 2497 424 2541 Ami.
462 2497 628 2543 Seneca.
659 2497 754 2544 Vol.
783 2496 870 2544 JV.
1185 2495 1213 2541 S
