1730 2870
362 100 621 181 NATUR.
670 132 967 193 QUAEST.
1014 131 1132 177 ΜΒ.
1170 134 1223 176 v.
1346 148 1432 195 301

160 239 233 286 ubi
255 239 358 286 illud
377 238 540 285 malum
560 237 679 283 virus
698 236 861 295 latitat,
880 236 1055 283 infodit.
1080 238 1156 282 lllo
1181 236 1441 285 descendere

160 314 245 360 ausi
270 315 390 369 sunt,
421 311 495 357 ubi
522 328 686 357 novam
715 315 858 357 rerum
883 311 1143 373 politionem
1163 346 1176 368 ‚
1207 328 1442 368 terrarum-

159 404 243 450 que
264 384 546 448 pendentium
560 380 748 440 habitus,
762 383 1007 446 ventosque
1028 402 1105 446 per
1122 386 1291 432 coelum
1314 386 1441 433 inane

158 459 489 522 experirentur,
522 473 565 504 et
584 474 791 519 aquarum
817 459 859 503 in
883 458 964 504 illis
987 457 1212 504 fluentium
1231 460 1439 507 horridos

158 530 303 576 fontes
323 565 336 586 ,
367 542 409 574 et
426 529 550 584 altam
579 542 922 592 perpetuamque
940 530 1128 576 noElem.
1145 530 1320 576 Deinde
1337 547 1440 576 cum

157 602 233 649 ista
252 601 434 648 fecerint
455 638 466 658 ‚
495 600 658 647 inferos
678 613 888 647 metuunt.

225 675 348 722 XVI.
369 675 452 720 Sed
481 687 527 720 ut
544 675 598 719 ad
616 674 661 719 id
679 710 690 732 ‚
714 675 766 720 de
783 690 874 737 quo
893 673 1054 736 agitur,
1078 687 1274 720 revertar
1289 711 1301 731 ‚
1321 674 1442 722 venti

159 763 350 812 quatuor
365 748 459 795 sunt
473 747 539 805 ,in
558 759 723 804 ortum,
743 747 943 793 occasum
960 782 972 803 ‚
992 746 1242 805 meridiem,
1258 749 1442 810 septem-

158 823 439 884 trionemque
457 819 601 866 divisi.
618 819 795 877 Ceteri,
813 835 924 883 quos
945 819 1074 867 variis
1095 820 1347 868 nominibus
1365 838 1441 884 ap-

160 895 366 956 pellamus
383 929 398 950 ,
422 892 487 938 his
511 892 799 954 applicantur.

225 1010 369 1052 Eurus
386 1010 444 1052 ad
460 1024 650 1051 auroram
673 1007 1000 1068 Nabathaeaque
1017 1026 1139 1071 regna
1163 1009 1330 1073 recfft,

225 1081 470 1146 perfidaque
487 1111 500 1134 ,
522 1095 558 1124 et
578 1082 707 1125 radiis
725 1083 820 1142 iuga
830 1082 997 1140 subdita
1014 1085 1251 1143 matutinlss.

231 1155 378 1214 Vesper
393 1171 429 1199 ec
447 1156 611 1199 occiduo
630 1173 730 1214 quae
750 1158 871 1200 litora
877 1156 967 1215 sole
982 1158 1185 1217 tepescunt
1199 1189 1214 1212 ,

227 1227 436 1270 Proxima
445 1229 552 1284 sunt
568 1227 774 1286 Zephyro.
792 1229 1014 1287 Scythiam
1021 1229 1249 1290 septemque
1265 1232 1413 1278 triones

225 1300 419 1356 Horrifer
433 1299 586 1363 invastt
610 1301 778 1344 Boreas.
805 1301 1009 1344 contraria
1027 1303 1146 1345 tellus

225 1375 421 1418 Nubibus
444 1372 619 1435 affiduis
632 1406 647 1426 ,
660 1373 884 1433 pluvioque
902 1374 1095 1433 madescit
1111 1376 1165 1419 ab
1182 1375 1348 1440 Austro.

165 1479 249 1526 Vel
268 1511 282 1534 ‚
303 1478 333 1524 fi
351 1476 529 1524 brevius
549 1475 647 1522 illos
666 1476 899 1539 complecti
920 1477 1062 1524 mavis
1079 1513 1093 1535 ,
1122 1478 1165 1523 in
1185 1496 1315 1525 unam
1336 1491 1449 1527 tem-⁴

163 1552 372 1616 pestatem
409 1549 569 1615 (quod
599 1548 694 1596 fieri
731 1550 854 1597 nullo
881 1550 1023 1598 modo
1053 1550 1226 1616 potest)
1258 1569 1448 1617 congre-

159 1636 328 1688 gentur.

236 1737 342 1779 Una
366 1732 581 1793 Eurusque
604 1731 820 1792 Notusque
855 1748 1011 1790 ruunt,
1042 1735 1240 1794 creberque
1263 1738 1450 1795 procellis

231 1807 412 1866 Africus
430 1823 446 1851 .·
477 1832 497 1840 —
520 1833 542 1841 -
561 1831 579 1841 -
600 1831 619 1841 -

165 1925 209 1961 et
233 1912 312 1977 qui
336 1913 488 1959 locum
516 1912 561 1958 in
589 1912 659 1958 illa
681 1912 773 1959 rixa
800 1929 891 1959 non
922 1913 1073 1960 habuit
1089 1949 1103 1973 ‚
1126 1912 1307 1977 Aquilo.
1332 1914 1452 1974 Qui-'

166 1988 263 2034 dam
285 1981 380 2033 illos
403 1986 636 2033 duodecim
664 1987 838 2034 faciunt.
861 1989 1064 2047 Quatuor
1077 1988 1195 2033 enim
1218 1987 1331 2034 coeli
1351 2005 1452 2050 par-

167 2072 230 2105 tes
258 2059 303 2104 in
322 2070 462 2106 ternas
488 2059 719 2117 dividunt,
754 2072 796 2106 et
834 2059 1006 2123 singulis
1036 2060 1178 2107 ventis
1206 2060 1336 2107 binos
1366 2059 1452 2107 suf·

167 2132 302 2178 feuos
332 2132 449 2179 dant.
484 2133 579 2179 Hac
599 2145 688 2178 arte
707 2134 853 2179 Varro
870 2168 884 2190 ‚
906 2133 976 2179 vir
1004 2133 1186 2195 diligens
1202 2169 1215 2190 ‚
1245 2133 1344 2179 illos
1371 2150 1452 2179 or-

167 2205 306 2251 dinat:
343 2221 421 2252 nec
445 2205 530 2253 fine
561 2207 699 2252 causa.
721 2207 826 2252 Non
856 2207 974 2253 enim
1007 2208 1163 2253 eodem
1194 2208 1364 2271 semper
1385 2208 1453 2254 lo-

169 2294 224 2324 co
250 2277 311 2324 sol
332 2278 496 2332 oritur,
520 2293 592 2324 aut
610 2278 786 2324 occidit.
807 2280 891 2324 Sed
908 2279 1012 2324 alius
1035 2277 1096 2324 est
1115 2291 1236 2326 ortus
1255 2278 1451 2326 occasus·

169 2366 255 2412 que
287 2351 612 2413 aequinoffialis
646 2349 740 2414 (bis
775 2364 916 2397 autem
955 2352 1281 2415 aequinoffium
1316 2352 1449 2416 est2)

172 2424 276 2471 alius
299 2424 553 2482 solstitialis,
573 2424 678 2471 alius
709 2424 930 2475 hibernus.
955 2426 1048 2485 Qui
1069 2426 1204 2490 surgit
1230 2428 1283 2474 ab
1305 2427 1455 2479 oriens
