1730 2870
261 118 352 163 206
484 118 533 165 L.
583 117 870 162 ANNAEt
920 117 1274 166 SENECAE

253 236 324 267 ma
361 220 515 268 collata
556 220 748 284 plausum
778 219 895 269 facit.
951 223 1006 270 Et
1047 223 1285 286 plurimum
1327 223 1534 284 interest,

253 308 401 341 utrum
438 311 571 343 cavae
608 294 948 353 concutiantur,
978 314 1032 344 an
1070 298 1220 360 planae
1257 312 1299 346 et
1329 312 1539 347 extentae.

253 367 431 413 Deinde
455 383 545 413 non
570 377 737 412 tantum
768 367 902 414 nubes
927 367 990 413 ire
1017 381 1229 430 oportet,
1258 371 1330 417 sed
1350 372 1418 433 agi
1447 388 1538 418 ma-

254 452 336 503 gna
366 439 439 496 vi,
469 451 512 485 et
541 439 793 501 procellosa.
832 439 976 486 Etiam
1005 456 1132 487 mons
1162 459 1252 489 non
1283 443 1436 490 scindit
1456 461 1539 491 nu-

255 517 354 560 bem
375 548 388 570 ,
417 511 488 558 sed
515 511 661 574 dirigit
679 546 692 568 ,
723 523 764 558 et
788 512 975 573 primam
1003 529 1221 577 quamque
1246 531 1411 578 partem
1447 516 1540 563 eius

253 586 396 633 solvit.
435 586 504 631 Ne
538 584 677 632 vefica
705 585 911 649 quidem,
943 603 1207 651 quocunque
1244 590 1384 636 modo
1415 589 1539 651 spiri-

254 673 349 707 tum
370 657 532 716 emifit,
558 657 693 704 sonat.
734 658 776 703 Si
809 657 929 705 ferro
958 659 1097 706 divisa
1123 659 1209 718 est,
1241 659 1327 707 fine
1357 661 1448 708 ullo
1464 678 1540 708 au·-

255 733 369 779 rium
403 730 525 779 sensu
555 729 651 777 exit.
703 731 865 793 Rumpi
902 731 1019 778 illam
1066 745 1274 795 oportet,
1307 745 1357 782 ut
1385 734 1541 791 sonet,

257 822 349 852 non
379 803 524 851 secari.
563 804 683 849 Idem
715 804 768 868 de
795 803 982 852 nubibus
1010 805 1143 852 dico:
1174 806 1250 852 nifi
1281 807 1421 853 multo
1457 808 1542 853 im-

256 892 360 941 petu
393 876 637 932 diffiluere,
659 892 750 922 non
776 876 942 923 sonant.
977 877 1129 926 Adiice
1148 895 1290 936 nunc,
1321 878 1444 941 quod
1464 896 1540 926 nu-

256 953 332 1000 bes
357 951 401 997 in
420 965 573 996 monte
594 949 712 996 attae
726 985 740 1008 ,
760 966 851 997 non
875 950 1155 1014 franguntur,
1175 951 1248 998 sed
1273 951 1544 998 circumfun-

257 1029 418 1073 duntur
444 1024 489 1071 in
509 1025 673 1088 aliquas
694 1037 834 1088 partes
862 1026 1046 1084 montis,
1068 1026 1235 1074 arboris
1253 1042 1426 1084 ramos,
1445 1025 1542 1072 fru-

257 1100 397 1157 tices,
429 1097 575 1160 aspera
603 1097 698 1144 saxa
727 1108 769 1144 et
787 1096 1034 1144 eminentia.
1068 1100 1121 1144 Et
1143 1098 1201 1145 ita
1229 1098 1543 1154 discutiuntur,

259 1186 304 1219 et
333 1170 362 1216 fi
391 1186 524 1233 quem
553 1168 713 1215 habent
749 1167 944 1231 spiritum
961 1204 974 1226 ‚
1003 1169 1283 1216 multifariam
1311 1170 1540 1217 emittunt:

260 1242 339 1304 qui
358 1240 435 1287 nifi
456 1239 681 1287 universus
699 1240 916 1301 erumpit,
937 1256 1017 1286 nec
1038 1252 1199 1303 crepat.
1226 1242 1326 1288 Hoc
1346 1255 1393 1289 ut
1412 1239 1536 1292 scias,

257 1327 416 1362 ventus
442 1312 519 1376 qui
550 1312 667 1359 circa
698 1311 899 1357 arborem
927 1311 1123 1358 funditur
1141 1348 1154 1371 ‚
1175 1312 1339 1370 sibilat,
1359 1329 1450 1359 non
1467 1326 1541 1358 to·—

259 1399 345 1433 nat.
365 1391 475 1433 Lato
507 1385 591 1450 (ut
622 1385 679 1431 ita
699 1384 876 1446 dicam)
899 1386 1011 1443 fietu,
1039 1398 1082 1431 et
1103 1398 1246 1432 totum
1275 1388 1455 1450 globum
1477 1385 1541 1432 se·-

257 1461 344 1507 mel
373 1460 600 1522 diffipante
622 1474 732 1520 opus
750 1458 838 1514 est,
872 1472 921 1506 ut
946 1459 1109 1506 sonitus
1139 1474 1365 1523 erumpat:
1403 1459 1541 1523 qualis

258 1535 434 1581 auditur
468 1550 570 1579 cum
606 1543 741 1578 tonat.

322 1607 499 1653 XXIX.
525 1607 697 1651 Praeter
715 1605 822 1651 haec
852 1615 999 1651 natura
1026 1616 1150 1666 aptus
1181 1603 1243 1651 est
1268 1603 1343 1650 aer
1363 1603 1417 1649 ad
1448 1619 1538 1650 vo-

257 1700 341 1730 ces.
380 1679 584 1741 Quidni?
620 1695 720 1726 cum
751 1695 845 1724 vox
873 1680 979 1725 nihil
1006 1680 1125 1726 aliud
1155 1678 1229 1732 sit,
1263 1694 1392 1740 quam
1433 1678 1543 1724 istus

256 1757 348 1804 aer.
377 1757 554 1804 Debent
584 1771 690 1818 ergo
714 1755 847 1801 nubes
874 1755 1093 1818 utrimque
1127 1752 1319 1799 dissecari
1341 1787 1355 1809 ‚
1385 1764 1428 1798 et
1466 1767 1540 1797 ca-

256 1848 340 1879 vae
371 1845 415 1878 et
449 1831 652 1876 intentae.
688 1830 822 1876 Vides
853 1830 970 1876 enim
1003 1841 1170 1892 quanto
1194 1826 1423 1879 vocalior-a
1443 1826 1541 1872 sunt

255 1920 395 1951 vacua
435 1919 563 1965 quam
594 1901 752 1963 plena,
789 1913 958 1964 quanto
992 1901 1154 1947 intenta
1189 1917 1319 1963 quam
1352 1899 1536 1945 remissa.

253 1979 317 2023 Ita
336 1979 544 2039 tympana
569 1988 611 2023 et
640 1976 844 2038 cymbala
865 1976 1045 2022 sonant:
1071 1974 1171 2037 quia
1190 1974 1257 2019 ilia
1284 1990 1537 2036 repugnan-

255 2062 344 2094 tem
383 2064 436 2094 ex
482 2047 686 2094 ulteriore
726 2059 846 2109 parte
879 2048 1076 2110 spiritum
1116 2047 1307 2109 pulsant,
1343 2047 1451 2092 haec
1485 2046 1540 2092 ad

256 2121 394 2185 ipsum
422 2122 567 2169 aerem
602 2121 829 2177 a&a‚-nisx
852 2137 1085 2178 concavo,
1119 2137 1209 2165 non
1242 2119 1445 2166 tinniunt.

331 2194 484 2241 XXX.
522 2193 746 2254 Quidam,
782 2194 895 2240 inter
933 2211 1046 2257 quos
1081 2194 1415 2257 Asclepiodotus
1450 2193 1542 2252 est,

256 2262 452 2312 iudicant
487 2265 572 2323 fic,
611 2267 885 2329 quorundam
920 2283 1100 2331 quoque
1147 2283 1386 2329 corporum
1431 2283 1542 2313 con-

258 2336 384 2382 cursu
401 2337 594 2384 tonitrua
614 2351 656 2385 et
678 2338 856 2385 fulmina
872 2340 1014 2386 excuti
1029 2338 1162 2404 poffe.
1183 2343 1322 2386 Aetna
1340 2339 1541 2401 aliquan-

259 2409 322 2457 do
362 2410 503 2460 multo
535 2413 634 2476 igne
672 2414 950 2466 abundavit:
993 2414 1212 2481 ingentem
1261 2415 1355 2468 vim
1389 2430 1541 2462 arenae
