1730 2870
380 91 639 145 NATUR·
689 84 991 154 QUAEST.
1039 95 1157 140 ΜΒ.
1193 97 1260 140 m.
1369 107 1455 159 243

179 205 332 266 specus
351 202 472 258 vasti,
492 201 585 247 sunt
608 199 802 262 ingentes
823 198 1025 255 rec-estiis,
1046 214 1090 246 et
1105 200 1234 261 spatia
1256 200 1462 263 suspensis

180 278 282 323 hinc
301 291 343 322 et
360 275 460 320 inde
481 272 704 318 montibus
725 272 828 316 laxa.
849 273 954 317 Sunt
980 272 1152 332 abrupti
1174 272 1219 317 in
1239 272 1460 320 infinitum

180 349 344 404 hiatus,
369 346 443 408 qui
465 344 586 406 saepe
605 343 770 406 illapsas
791 343 918 389 urbes
935 357 1195 405 receperunt
1212 377 1226 399 ‚
1246 357 1286 391 et
1306 346 1460 408 ingen-

183 434 269 468 tem
298 421 340 466 in
365 419 455 465 alto
482 417 651 464 ruinam
680 418 987 462 condiderunt.
1014 417 1134 463 Haec
1153 417 1304 480 spiritu
1334 420 1461 480 plena

182 495 290 542 sunt.
318 491 439 539 Nihil
461 491 575 542 enim
599 489 776 552 usquam
798 489 924 535 inane
950 487 1012 535 est
1027 523 1038 543 ‚
1063 504 1105 536 et
1125 490 1268 553 stagna
1295 492 1462 539 obsessa

181 564 369 614 tenebris
393 576 435 610 et
459 563 568 610 locis
588 562 750 624 amplis.
780 560 988 606 Animalia
1013 577 1193 623 quoque
1218 563 1298 610 illis
1319 564 1462 611 innas-

181 652 362 696 cuntur,
394 639 465 685 sed
485 637 603 685 tarda
622 650 663 682 et
684 635 918 704 informia:
948 646 994 679 ut
1019 634 1064 679 in
1088 636 1185 681 ae're
1205 652 1337 682 caeco
1361 640 1462 700 pin-

180 711 340 774 guique
359 722 599 771 concepta,
626 720 668 754 et
688 708 731 752 in
749 707 871 769 aquis
891 705 1166 768 torpentibus
1187 706 1264 752 situ
1284 726 1294 753 ε
1318 710 1461 770 plera-

182 801 268 847 que
297 800 352 829 ex
384 783 448 829 his
478 799 633 839 cae-ca,
675 795 722 827 ut
753 781 892 842 talpae
925 789 967 825 et
997 778 1261 827 subterranei
1294 799 1463 842 mure89

183 858 339 921 quibus
359 856 473 903 deest
500 857 648 902 lumen
667 891 679 910 ‚
707 856 806 918 quia
826 854 1148 917 supervacuum
1175 854 1248 902 est.
1277 858 1380 904 Inde
1412 869 1462 904 ut

181 929 505 993 Theophrastus
529 929 737 986 affirmat,
772 927 906 990 pisces
936 928 1202 993 quibusdam
1221 931 1330 978 locis
1358 949 1461 979 erue

183 1018 328 1051 untur.

249 1080 395 1125 XVII.
428 1075 567 1123 Multa
599 1077 685 1122 hoc
715 1075 820 1122 loco
851 1075 927 1122 tibi
960 1075 1005 1123 in
1033 1088 1225 1124 mentem
1250 1070 1463 1138 venient9'

183 1168 292 1215 quae
309 1152 469 1196 urbane
491 1151 534 1194 in
552 1166 598 1196 re
616 1149 860 1195 incredibili
880 1149 1067 1196 fabulam
1091 1150 1218 1198 dicas.
1237 1153 1339 1197 Non
1359 1169 1462 1199 cum

182 1225 345 1272 retibus
367 1225 551 1286 aliquem
565 1259 578 1280 ‚
596 1240 666 1270 aut
682 1241 782 1270 cum
803 1226 940 1271 hamis
956 1260 968 1282 ‚
990 1225 1062 1271 sed
1081 1241 1180 1272 cum
1200 1225 1380 1272 dolabra
1397 1227 1462 1274 ire

183 1298 406 1362 piscatum
436 1295 649 1357 Exspecto
671 1308 716 1340 ut
742 1295 895 1358 aliquis
916 1295 962 1340 in
981 1296 1090 1342 mari
1114 1311 1311 1343 venetur.
1337 1297 1462 1357 Quid

182 1370 244 1418 est
271 1383 441 1425 autem,
469 1383 602 1430 quare
636 1366 768 1429 pisces
794 1366 839 1412 in
864 1379 1022 1413 terram
1053 1384 1143 1414 non
1162 1369 1402 1428 transeant,
1429 1370 1461 1417 fi

183 1460 266 1490 nos
293 1442 427 1488 maria
446 1440 704 1486 transimus?
738 1440 1080 1492 Permutabimus
1104 1441 1234 1488 sedes.
1255 1443 1357 1488 Hoc
1379 1444 1463 1489 mi-

182 1516 289 1563 raris
309 1515 520 1562 accidere.
544 1516 725 1574 Quanto
757 1512 1081 1560 incredibiliora
1112 1514 1206 1560 sunt
1235 1532 1369 1577 opera
1392 1517 1463 1562 lu-³

184 1590 358 1645 ituriae,
388 1587 558 1650 quoties
587 1599 783 1633 naturam
812 1600 886 1633 aut
912 1587 1150 1644 mentitur,
1181 1601 1253 1634 aut
1284 1589 1423 1636 vincit
1442 1590 1465 1636 Ξ·

183 1666 232 1710 In
253 1662 384 1709 cubili
405 1674 551 1707 natant
570 1659 724 1723 pisces:
743 1672 786 1706 et
805 1659 882 1706 sub
898 1659 987 1722 ipsa
1006 1659 1150 1706 mensa
1170 1662 1365 1723 capitur,
1386 1663 1463 1727 qui

184 1736 324 1784 statim
346 1733 630 1782 transferatur
649 1734 696 1779 in
714 1734 917 1781 mensam.
935 1737 1090 1780 Parum
1119 1735 1290 1782 videtur
1310 1754 1463 1786 recens

187 1807 375 1864 mullus,
398 1805 474 1851 nifi
504 1804 580 1867 qui
607 1804 652 1849 in
676 1804 896 1852 convivae
923 1821 1054 1850 manu
1082 1806 1279 1852 moritur.
1304 1809 1464 1856 Vitreis
1526 1832 1529 1836 ¹

185 1880 283 1927 ollis
315 1878 467 1926 inclusi
495 1876 770 1935 offeruntur,
808 1891 852 1924 et
897 1877 1152 1925 observatur
1180 1880 1463 1927 morientium

185 1953 336 2009 color,
356 1967 486 2014 quem
505 1950 550 1996 in
569 1947 728 1996 multas
753 1949 1016 1996 mutationes
1035 1967 1155 1997 mors
1171 1952 1356 2001 luctante
1375 1956 1465 2019 spi-

185 2028 275 2074 ritu
296 2027 427 2074 vertit
446 2044 457 2073 ε
478 2027 586 2073 alios
606 2040 763 2073 necant
787 2026 832 2072 in
858 2043 986 2090 garo,
1018 2042 1061 2074 et
1086 2029 1300 2076 condiunt
1320 2031 1468 2078 vivos*

185 2102 240 2145 Et
260 2099 356 2146 sunt
383 2098 457 2161 qui
481 2097 650 2145 fabulas
669 2112 846 2161 putant,
874 2098 1034 2160 piscem
1054 2099 1209 2147 vivere
1234 2102 1356 2163 posse
1387 2104 1465 2152 sub

185 2183 300 2218 terra
316 2207 330 2227 ,
354 2182 396 2216 et·
414 2169 575 2226 effodi,
599 2187 689 2217 non
713 2171 819 2233 capi.
847 2173 992 2230 Quam
1012 2171 1268 2219 incredibile
1294 2174 1374 2221 illis
1396 2177 1469 2222 vi-'

183 2244 365 2290 deretur
381 2275 394 2300 ‚
425 2241 452 2287 si
477 2244 675 2290 audirent
696 2258 840 2290 natare
859 2244 903 2289 in
924 2259 1028 2306 garo
1050 2243 1210 2306 piscem
1230 2263 1241 2292 :
1259 2263 1339 2292 nec
1358 2264 1465 2294 coe-

181 2332 259 2361 nae
285 2315 406 2361 causa
434 2315 627 2361 occisum
647 2314 730 2360 effe
762 2314 888 2376 super
919 2331 1131 2373 coenam,
1158 2333 1256 2363 cum
1279 2319 1465 2367 multum

180 2388 226 2435 in
247 2388 414 2437 deliciis
442 2386 544 2447 fuit,
573 2401 618 2439 et
636 2387 819 2448 oculos,
848 2401 1078 2452 antequam
1103 2389 1273 2452 gulam,
1295 2392 1434 2455 pavssr,

1097 2463 1209 2522 <22
