<?xml version="1.0" encoding="UTF-8"?>
<!DOCTYPE html PUBLIC "-//W3C//DTD XHTML 1.0 Transitional//EN"
    "http://www.w3.org/TR/xhtml1/DTD/xhtml1-transitional.dtd">
<html xmlns="http://www.w3.org/1999/xhtml" xml:lang="en" lang="en">
 <head>
  <title>
</title>
<meta http-equiv="Content-Type" content="text/html;charset=utf-8" />
  <meta name='ocr-system' content='tesseract 3.04.00' />
  <meta name='ocr-capabilities' content='ocr_page ocr_carea ocr_par ocr_line ocrx_word'/>
</head>
<body>
  <div class='ocr_page' id='page_1' title='image "./lannaeisenecaeph04seneuoft_0224.png"; bbox 0 0 1730 2870; ppageno 0'>
   <div class='ocr_carea' id='block_1_1' title="bbox 234 126 1282 177">
    <p class='ocr_par' dir='ltr' id='par_1_1' title="bbox 234 126 1282 177">
     <span class='ocr_line' id='line_1_1' title="bbox 234 126 1282 177; baseline 0.006 -7"><span class='ocrx_word' id='word_1_1' title='bbox 234 126 326 172; x_wconf 82' lang='lat'>218</span> <span class='ocrx_word' id='word_1_2' title='bbox 468 127 866 177; x_wconf 80' lang='lat' dir='ltr'>L.ANNAE1</span> <span class='ocrx_word' id='word_1_3' title='bbox 917 129 1282 177; x_wconf 86' lang='lat' dir='ltr'>SENECAE</span> 
     </span>
    </p>
   </div>
   <div class='ocr_carea' id='block_1_2' title="bbox 231 232 1580 2484">
    <p class='ocr_par' dir='ltr' id='par_1_2' title="bbox 231 232 1510 947">
     <span class='ocr_line' id='line_1_2' title="bbox 231 232 1502 301; baseline 0.002 -22"><span class='ocrx_word' id='word_1_4' title='bbox 231 233 353 294; x_wconf 86' lang='lat' dir='ltr'>quod</span> <span class='ocrx_word' id='word_1_5' title='bbox 369 250 460 279; x_wconf 90' lang='lat' dir='ltr'>non</span> <span class='ocrx_word' id='word_1_6' title='bbox 486 244 804 296; x_wconf 86' lang='lat' dir='ltr'>prorogentur‚</span> <span class='ocrx_word' id='word_1_7' title='bbox 827 232 1037 281; x_wconf 89' lang='lat' dir='ltr'>inclusum</span> <span class='ocrx_word' id='word_1_8' title='bbox 1054 235 1129 282; x_wconf 87' lang='lat' dir='ltr'>est.</span> <span class='ocrx_word' id='word_1_9' title='bbox 1160 235 1376 283; x_wconf 83' lang='lat' dir='ltr'>Omnium</span> <span class='ocrx_word' id='word_1_10' title='bbox 1395 252 1502 301; x_wconf 82' lang='lat' dir='ltr'>ergo</span> 
     </span>
     <span class='ocr_line' id='line_1_3' title="bbox 232 304 1504 370; baseline 0.002 -19"><span class='ocrx_word' id='word_1_11' title='bbox 232 304 469 351; x_wconf 78' lang='lat' dir='ltr'>fulminum</span> <span class='ocrx_word' id='word_1_12' title='bbox 487 319 530 351; x_wconf 90' lang='lat' dir='ltr'>et</span> <span class='ocrx_word' id='word_1_13' title='bbox 555 306 700 352; x_wconf 87' lang='lat' dir='ltr'>omnis</span> <span class='ocrx_word' id='word_1_14' title='bbox 716 318 898 353; x_wconf 86' lang='lat' dir='ltr'>eventus</span> <span class='ocrx_word' id='word_1_15' title='bbox 918 307 1007 353; x_wconf 91' lang='lat' dir='ltr'>dies</span> <span class='ocrx_word' id='word_1_16' title='bbox 1027 307 1130 355; x_wconf 89' lang='lat' dir='ltr'>stata</span> <span class='ocrx_word' id='word_1_17' title='bbox 1147 308 1220 355; x_wconf 84' lang='lat' dir='ltr'>est.</span> <span class='ocrx_word' id='word_1_18' title='bbox 1239 310 1343 354; x_wconf 90' lang='lat' dir='ltr'>Non</span> <span class='ocrx_word' id='word_1_19' title='bbox 1364 308 1504 370; x_wconf 86' lang='lat' dir='ltr'>potest</span> 
     </span>
     <span class='ocr_line' id='line_1_4' title="bbox 233 376 1505 441; baseline 0.003 -20"><span class='ocrx_word' id='word_1_20' title='bbox 233 376 350 421; x_wconf 87' lang='lat' dir='ltr'>enim</span> <span class='ocrx_word' id='word_1_21' title='bbox 371 377 455 421; x_wconf 88' lang='lat' dir='ltr'>ulla</span> <span class='ocrx_word' id='word_1_22' title='bbox 473 376 628 422; x_wconf 83' lang='lat' dir='ltr'><strong>incerti</strong></span> <span class='ocrx_word' id='word_1_23' title='bbox 646 376 732 423; x_wconf 85' lang='lat' dir='ltr'>effe</span> <span class='ocrx_word' id='word_1_24' title='bbox 752 378 1102 440; x_wconf 86' lang='lat' dir='ltr'>comprehenfio.</span> <span class='ocrx_word' id='word_1_25' title='bbox 1128 381 1255 439; x_wconf 81' lang='lat' dir='ltr'>Quae</span> <span class='ocrx_word' id='word_1_26' title='bbox 1274 379 1505 441; x_wconf 89' lang='lat' dir='ltr'>inspicien-</span> 
     </span>
     <span class='ocr_line' id='line_1_5' title="bbox 237 448 1507 514; baseline 0.004 -21"><span class='ocrx_word' id='word_1_27' title='bbox 237 448 292 494; x_wconf 89' lang='lat' dir='ltr'>da</span> <span class='ocrx_word' id='word_1_28' title='bbox 312 449 392 494; x_wconf 81' lang='lat' dir='ltr'>sint</span> <span class='ocrx_word' id='word_1_29' title='bbox 417 449 461 494; x_wconf 88' lang='lat' dir='ltr'>in</span> <span class='ocrx_word' id='word_1_30' title='bbox 482 449 647 512; x_wconf 86' lang='lat' dir='ltr'>fulgure</span> <span class='ocrx_word' id='word_1_31' title='bbox 661 485 675 508; x_wconf 88' lang='lat'>‚</span> <span class='ocrx_word' id='word_1_32' title='bbox 707 450 857 513; x_wconf 83' lang='lat' dir='ltr'>paffim</span> <span class='ocrx_word' id='word_1_33' title='bbox 877 462 919 496; x_wconf 88' lang='lat' dir='ltr'>et</span> <span class='ocrx_word' id='word_1_34' title='bbox 947 467 1058 514; x_wconf 85' lang='lat' dir='ltr'>vage</span> <span class='ocrx_word' id='word_1_35' title='bbox 1078 452 1253 509; x_wconf 87' lang='lat' dir='ltr'>dicunt,</span> <span class='ocrx_word' id='word_1_36' title='bbox 1285 469 1386 498; x_wconf 89' lang='lat' dir='ltr'>cum</span> <span class='ocrx_word' id='word_1_37' title='bbox 1405 452 1507 514; x_wconf 88' lang='lat' dir='ltr'>pos-</span> 
     </span>
     <span class='ocr_line' id='line_1_6' title="bbox 236 519 1506 585; baseline 0.003 -20"><span class='ocrx_word' id='word_1_38' title='bbox 236 519 319 566; x_wconf 84' lang='lat' dir='ltr'>fint</span> <span class='ocrx_word' id='word_1_39' title='bbox 338 520 395 566; x_wconf 87' lang='lat' dir='ltr'>fic</span> <span class='ocrx_word' id='word_1_40' title='bbox 426 521 623 567; x_wconf 87' lang='lat' dir='ltr'>dividere</span> <span class='ocrx_word' id='word_1_41' title='bbox 637 557 650 576; x_wconf 89' lang='lat'>‚</span> <span class='ocrx_word' id='word_1_42' title='bbox 677 522 1050 585; x_wconf 80' lang='lat' dir='ltr'>quemadmodum</span> <span class='ocrx_word' id='word_1_43' title='bbox 1071 524 1124 568; x_wconf 89' lang='lat' dir='ltr'>ab</span> <span class='ocrx_word' id='word_1_44' title='bbox 1146 523 1292 569; x_wconf 86' lang='lat' dir='ltr'>Attalo</span> <span class='ocrx_word' id='word_1_45' title='bbox 1311 523 1506 585; x_wconf 86' lang='lat' dir='ltr'>philoso-</span> 
     </span>
     <span class='ocr_line' id='line_1_7' title="bbox 235 593 1508 657; baseline 0.005 -19"><span class='ocrx_word' id='word_1_46' title='bbox 235 593 358 654; x_wconf 85' lang='lat' dir='ltr'>pho,</span> <span class='ocrx_word' id='word_1_47' title='bbox 389 594 464 655; x_wconf 86' lang='lat' dir='ltr'>qui</span> <span class='ocrx_word' id='word_1_48' title='bbox 496 594 536 639; x_wconf 90' lang='lat' dir='ltr'>se</span> <span class='ocrx_word' id='word_1_49' title='bbox 568 595 668 641; x_wconf 89' lang='lat' dir='ltr'>huic</span> <span class='ocrx_word' id='word_1_50' title='bbox 695 594 944 657; x_wconf 84' lang='lat' dir='ltr'>disciplinae</span> <span class='ocrx_word' id='word_1_51' title='bbox 971 596 1178 654; x_wconf 77' lang='lat' dir='ltr'>dederat,</span> <span class='ocrx_word' id='word_1_52' title='bbox 1215 597 1348 644; x_wconf 69' lang='lat' dir='ltr'>divisa</span> <span class='ocrx_word' id='word_1_53' title='bbox 1380 600 1508 655; x_wconf 84' lang='lat' dir='ltr'>sunt,</span> 
     </span>
     <span class='ocr_line' id='line_1_8' title="bbox 238 666 1510 733; baseline 0.002 -20"><span class='ocrx_word' id='word_1_54' title='bbox 238 678 287 713; x_wconf 90' lang='lat' dir='ltr'>ut</span> <span class='ocrx_word' id='word_1_55' title='bbox 317 666 565 727; x_wconf 80' lang='lat' dir='ltr'>inspiciatur</span> <span class='ocrx_word' id='word_1_56' title='bbox 585 667 659 713; x_wconf 88' lang='lat' dir='ltr'>ubi</span> <span class='ocrx_word' id='word_1_57' title='bbox 686 667 849 715; x_wconf 61' lang='lat' dir='ltr'>factum</span> <span class='ocrx_word' id='word_1_58' title='bbox 878 667 954 724; x_wconf 88' lang='lat' dir='ltr'>fit,</span> <span class='ocrx_word' id='word_1_59' title='bbox 987 671 1193 732; x_wconf 79' lang='lat' dir='ltr'>quando,</span> <span class='ocrx_word' id='word_1_60' title='bbox 1223 670 1319 726; x_wconf 90' lang='lat' dir='ltr'>cui,</span> <span class='ocrx_word' id='word_1_61' title='bbox 1347 671 1391 715; x_wconf 90' lang='lat' dir='ltr'>in</span> <span class='ocrx_word' id='word_1_62' title='bbox 1424 687 1510 733; x_wconf 89' lang='lat' dir='ltr'>qua</span> 
     </span>
     <span class='ocr_line' id='line_1_9' title="bbox 238 741 1508 808; baseline 0.004 -23"><span class='ocrx_word' id='word_1_63' title='bbox 238 756 286 786; x_wconf 90' lang='lat' dir='ltr'>re</span> <span class='ocrx_word' id='word_1_64' title='bbox 303 775 317 795; x_wconf 89' lang='lat'><strong>‚</strong></span> <span class='ocrx_word' id='word_1_65' title='bbox 347 741 470 801; x_wconf 84' lang='lat' dir='ltr'>quale</span> <span class='ocrx_word' id='word_1_66' title='bbox 485 777 498 798; x_wconf 83' lang='lat'>‚</span> <span class='ocrx_word' id='word_1_67' title='bbox 519 754 745 805; x_wconf 86' lang='lat' dir='ltr'>quantum.</span> <span class='ocrx_word' id='word_1_68' title='bbox 779 743 900 789; x_wconf 73' lang='lat' dir='ltr'>Haec</span> <span class='ocrx_word' id='word_1_69' title='bbox 927 743 958 787; x_wconf 88' lang='lat' dir='ltr'>fi</span> <span class='ocrx_word' id='word_1_70' title='bbox 979 745 1174 807; x_wconf 82' lang='lat' dir='ltr'><strong>digerere</strong></span> <span class='ocrx_word' id='word_1_71' title='bbox 1195 746 1239 791; x_wconf 88' lang='lat' dir='ltr'>in</span> <span class='ocrx_word' id='word_1_72' title='bbox 1258 757 1397 808; x_wconf 82' lang='lat' dir='ltr'>partes</span> <span class='ocrx_word' id='word_1_73' title='bbox 1415 745 1508 791; x_wconf 86' lang='lat' dir='ltr'>suas</span> 
     </span>
     <span class='ocr_line' id='line_1_10' title="bbox 238 811 1509 878; baseline 0.002 -19"><span class='ocrx_word' id='word_1_74' title='bbox 238 811 462 869; x_wconf 84' lang='lat' dir='ltr'>voluero,</span> <span class='ocrx_word' id='word_1_75' title='bbox 513 813 619 877; x_wconf 86' lang='lat' dir='ltr'>quid</span> <span class='ocrx_word' id='word_1_76' title='bbox 659 813 808 878; x_wconf 86' lang='lat' dir='ltr'>postea</span> <span class='ocrx_word' id='word_1_77' title='bbox 842 814 995 863; x_wconf 88' lang='lat' dir='ltr'>faciam</span> <span class='ocrx_word' id='word_1_78' title='bbox 1014 852 1026 873; x_wconf 94' lang='lat'><em>‚</em></span> <span class='ocrx_word' id='word_1_79' title='bbox 1057 817 1134 864; x_wconf 83' lang='lat' dir='ltr'>nifi</span> <span class='ocrx_word' id='word_1_80' title='bbox 1166 817 1210 864; x_wconf 90' lang='lat' dir='ltr'>in</span> <span class='ocrx_word' id='word_1_81' title='bbox 1246 816 1509 865; x_wconf 74' lang='lat' dir='ltr'>immensum</span> 
     </span>
     <span class='ocr_line' id='line_1_11' title="bbox 236 885 512 947; baseline 0 -18"><span class='ocrx_word' id='word_1_82' title='bbox 236 885 475 947; x_wconf 73' lang='lat' dir='ltr'>procedam</span> <span class='ocrx_word' id='word_1_83' title='bbox 495 885 512 929; x_wconf 82' lang='lat'>?</span> 
     </span>
    </p>

    <p class='ocr_par' dir='ltr' id='par_1_3' title="bbox 238 958 1580 2484">
     <span class='ocr_line' id='line_1_12' title="bbox 305 958 1514 1027; baseline 0.004 -25"><span class='ocrx_word' id='word_1_84' title='bbox 305 958 472 1003; x_wconf 80' lang='lat' dir='ltr'>XLlX.</span> <span class='ocrx_word' id='word_1_85' title='bbox 507 958 637 1006; x_wconf 87' lang='lat' dir='ltr'>Nunc</span> <span class='ocrx_word' id='word_1_86' title='bbox 669 960 853 1006; x_wconf 89' lang='lat' dir='ltr'>nomina</span> <span class='ocrx_word' id='word_1_87' title='bbox 892 959 1124 1008; x_wconf 82' lang='lat' dir='ltr'>fulminum</span> <span class='ocrx_word' id='word_1_88' title='bbox 1145 999 1159 1019; x_wconf 90' lang='lat'><em>‚</em></span> <span class='ocrx_word' id='word_1_89' title='bbox 1195 979 1307 1027; x_wconf 87' lang='lat' dir='ltr'>quae</span> <span class='ocrx_word' id='word_1_90' title='bbox 1343 978 1367 1008; x_wconf 83' lang='lat' dir='ltr'>a</span> <span class='ocrx_word' id='word_1_91' title='bbox 1402 962 1514 1008; x_wconf 85' lang='lat' dir='ltr'>Cae-</span> 
     </span>
     <span class='ocr_line' id='line_1_13' title="bbox 240 1030 1515 1099; baseline 0.004 -24"><span class='ocrx_word' id='word_1_92' title='bbox 240 1030 368 1077; x_wconf 89' lang='lat' dir='ltr'>cinna</span> <span class='ocrx_word' id='word_1_93' title='bbox 400 1045 652 1094; x_wconf 85' lang='lat' dir='ltr'>ponuntur,</span> <span class='ocrx_word' id='word_1_94' title='bbox 683 1034 996 1098; x_wconf 82' lang='lat' dir='ltr'>perstringam:</span> <span class='ocrx_word' id='word_1_95' title='bbox 1028 1049 1070 1081; x_wconf 92' lang='lat' dir='ltr'>et</span> <span class='ocrx_word' id='word_1_96' title='bbox 1103 1036 1212 1099; x_wconf 82' lang='lat' dir='ltr'>quid</span> <span class='ocrx_word' id='word_1_97' title='bbox 1244 1038 1297 1082; x_wconf 90' lang='lat' dir='ltr'>de</span> <span class='ocrx_word' id='word_1_98' title='bbox 1323 1034 1388 1082; x_wconf 83' lang='lat' dir='ltr'>his</span> <span class='ocrx_word' id='word_1_99' title='bbox 1417 1034 1515 1081; x_wconf 87' lang='lat' dir='ltr'>sen·-</span> 
     </span>
     <span class='ocr_line' id='line_1_14' title="bbox 238 1103 1580 1173; baseline 0.001 -22"><span class='ocrx_word' id='word_1_100' title='bbox 238 1103 345 1151; x_wconf 81' lang='lat' dir='ltr'>tiam</span> <span class='ocrx_word' id='word_1_101' title='bbox 366 1139 378 1159; x_wconf 94' lang='lat'>‚</span> <span class='ocrx_word' id='word_1_102' title='bbox 413 1121 645 1168; x_wconf 85' lang='lat' dir='ltr'>exponam.</span> <span class='ocrx_word' id='word_1_103' title='bbox 690 1107 765 1154; x_wconf 88' lang='lat' dir='ltr'>Ait</span> <span class='ocrx_word' id='word_1_104' title='bbox 792 1107 877 1154; x_wconf 84' lang='lat' dir='ltr'>effe</span> <span class='ocrx_word' id='word_1_105' title='bbox 916 1107 1228 1169; x_wconf 84' lang='lat' dir='ltr'>postulatoria‚</span> <span class='ocrx_word' id='word_1_106' title='bbox 1263 1108 1419 1173; x_wconf 82' lang='lat' dir='ltr'>quibus</span> <span class='ocrx_word' id='word_1_107' title='bbox 1449 1107 1516 1154; x_wconf 89' lang='lat' dir='ltr'>sa-</span> <span class='ocrx_word' id='word_1_108' title='bbox 1577 1119 1580 1123; x_wconf 83' lang='lat'>&#39;</span> 
     </span>
     <span class='ocr_line' id='line_1_15' title="bbox 242 1176 1516 1245; baseline 0.003 -21"><span class='ocrx_word' id='word_1_109' title='bbox 242 1176 408 1225; x_wconf 81' lang='lat' dir='ltr'>crificia</span> <span class='ocrx_word' id='word_1_110' title='bbox 425 1178 657 1228; x_wconf 77' lang='lat' dir='ltr'>intermiss‘a</span> <span class='ocrx_word' id='word_1_111' title='bbox 670 1218 682 1237; x_wconf 88' lang='lat'>,</span> <span class='ocrx_word' id='word_1_112' title='bbox 700 1196 774 1228; x_wconf 89' lang='lat' dir='ltr'>aut</span> <span class='ocrx_word' id='word_1_113' title='bbox 791 1198 882 1228; x_wconf 89' lang='lat' dir='ltr'>non</span> <span class='ocrx_word' id='word_1_114' title='bbox 901 1182 982 1233; x_wconf 86' lang='lat' dir='ltr'>rite</span> <span class='ocrx_word' id='word_1_115' title='bbox 1002 1181 1111 1230; x_wconf 61' lang='lat' dir='ltr'>fafia</span> <span class='ocrx_word' id='word_1_116' title='bbox 1127 1198 1394 1245; x_wconf 89' lang='lat' dir='ltr'>repetuntur.</span> <span class='ocrx_word' id='word_1_117' title='bbox 1414 1184 1516 1228; x_wconf 91' lang='lat' dir='ltr'>Mo-</span> 
     </span>
     <span class='ocr_line' id='line_1_16' title="bbox 238 1248 1518 1316; baseline 0.002 -21"><span class='ocrx_word' id='word_1_118' title='bbox 238 1248 402 1296; x_wconf 84' lang='lat' dir='ltr'>nitoria</span> <span class='ocrx_word' id='word_1_119' title='bbox 421 1286 434 1307; x_wconf 83' lang='lat'>,</span> <span class='ocrx_word' id='word_1_120' title='bbox 471 1252 626 1315; x_wconf 83' lang='lat' dir='ltr'>quibus</span> <span class='ocrx_word' id='word_1_121' title='bbox 654 1254 867 1310; x_wconf 83' lang='lat' dir='ltr'>docetur,</span> <span class='ocrx_word' id='word_1_122' title='bbox 894 1254 1001 1316; x_wconf 87' lang='lat' dir='ltr'>quid</span> <span class='ocrx_word' id='word_1_123' title='bbox 1026 1256 1270 1302; x_wconf 89' lang='lat' dir='ltr'>cavendum</span> <span class='ocrx_word' id='word_1_124' title='bbox 1290 1254 1351 1301; x_wconf 84' lang='lat' dir='ltr'>fit.</span> <span class='ocrx_word' id='word_1_125' title='bbox 1385 1253 1518 1299; x_wconf 86' lang='lat' dir='ltr'>Pesti-</span> 
     </span>
     <span class='ocr_line' id='line_1_17' title="bbox 239 1320 1518 1390; baseline 0.002 -20"><span class='ocrx_word' id='word_1_126' title='bbox 239 1320 363 1377; x_wconf 76' lang='lat' dir='ltr'>fera,</span> <span class='ocrx_word' id='word_1_127' title='bbox 403 1342 511 1387; x_wconf 87' lang='lat' dir='ltr'>quae</span> <span class='ocrx_word' id='word_1_128' title='bbox 543 1342 732 1373; x_wconf 85' lang='lat' dir='ltr'>mortem</span> <span class='ocrx_word' id='word_1_129' title='bbox 762 1328 1047 1389; x_wconf 71' lang='lat' dir='ltr'>exsiliumque</span> <span class='ocrx_word' id='word_1_130' title='bbox 1066 1329 1347 1390; x_wconf 86' lang='lat' dir='ltr'>portendunt.</span> <span class='ocrx_word' id='word_1_131' title='bbox 1382 1327 1518 1372; x_wconf 87' lang='lat' dir='ltr'>Falla-</span> 
     </span>
     <span class='ocr_line' id='line_1_18' title="bbox 240 1394 1520 1461; baseline 0.001 -18"><span class='ocrx_word' id='word_1_132' title='bbox 240 1394 306 1443; x_wconf 85' lang='lat' dir='ltr'>cia</span> <span class='ocrx_word' id='word_1_133' title='bbox 327 1432 339 1453; x_wconf 93' lang='lat'>,</span> <span class='ocrx_word' id='word_1_134' title='bbox 374 1414 485 1459; x_wconf 88' lang='lat' dir='ltr'>quae</span> <span class='ocrx_word' id='word_1_135' title='bbox 523 1416 599 1461; x_wconf 89' lang='lat' dir='ltr'>per</span> <span class='ocrx_word' id='word_1_136' title='bbox 628 1399 815 1461; x_wconf 84' lang='lat' dir='ltr'>speciem</span> <span class='ocrx_word' id='word_1_137' title='bbox 847 1402 1024 1448; x_wconf 86' lang='lat' dir='ltr'>alicuius</span> <span class='ocrx_word' id='word_1_138' title='bbox 1051 1402 1156 1447; x_wconf 83' lang='lat' dir='ltr'>boni</span> <span class='ocrx_word' id='word_1_139' title='bbox 1185 1415 1359 1447; x_wconf 84' lang='lat' dir='ltr'>nocent.</span> <span class='ocrx_word' id='word_1_140' title='bbox 1400 1402 1520 1447; x_wconf 84' lang='lat' dir='ltr'>Dant</span> 
     </span>
     <span class='ocr_line' id='line_1_19' title="bbox 241 1470 1521 1538; baseline 0.002 -21"><span class='ocrx_word' id='word_1_141' title='bbox 241 1470 532 1527; x_wconf 82' lang='lat' dir='ltr'>consulatum,</span> <span class='ocrx_word' id='word_1_142' title='bbox 561 1474 677 1518; x_wconf 84' lang='lat' dir='ltr'>malo</span> <span class='ocrx_word' id='word_1_143' title='bbox 707 1473 905 1520; x_wconf 86' lang='lat' dir='ltr'>futurum</span> <span class='ocrx_word' id='word_1_144' title='bbox 936 1476 1213 1538; x_wconf 80' lang='lat' dir='ltr'>gerentibus3</span> <span class='ocrx_word' id='word_1_145' title='bbox 1240 1488 1284 1521; x_wconf 88' lang='lat' dir='ltr'>et</span> <span class='ocrx_word' id='word_1_146' title='bbox 1306 1474 1521 1520; x_wconf 82' lang='lat' dir='ltr'>heredita-</span> 
     </span>
     <span class='ocr_line' id='line_1_20' title="bbox 241 1544 1523 1610; baseline 0.004 -23"><span class='ocrx_word' id='word_1_147' title='bbox 241 1554 331 1589; x_wconf 86' lang='lat' dir='ltr'>tem</span> <span class='ocrx_word' id='word_1_148' title='bbox 347 1575 361 1598; x_wconf 89' lang='lat'>,</span> <span class='ocrx_word' id='word_1_149' title='bbox 383 1544 503 1590; x_wconf 87' lang='lat' dir='ltr'>cuius</span> <span class='ocrx_word' id='word_1_150' title='bbox 526 1546 841 1607; x_wconf 86' lang='lat' dir='ltr'>compendium</span> <span class='ocrx_word' id='word_1_151' title='bbox 864 1564 1026 1610; x_wconf 85' lang='lat' dir='ltr'>magno</span> <span class='ocrx_word' id='word_1_152' title='bbox 1045 1548 1093 1594; x_wconf 87' lang='lat' dir='ltr'>fit</span> <span class='ocrx_word' id='word_1_153' title='bbox 1119 1548 1326 1594; x_wconf 87' lang='lat' dir='ltr'>luendum</span> <span class='ocrx_word' id='word_1_154' title='bbox 1346 1547 1523 1592; x_wconf 85' lang='lat' dir='ltr'>incom-</span> 
     </span>
     <span class='ocr_line' id='line_1_21' title="bbox 239 1616 1525 1682; baseline 0.004 -22"><span class='ocrx_word' id='word_1_155' title='bbox 239 1616 396 1662; x_wconf 85' lang='lat' dir='ltr'>modo.</span> <span class='ocrx_word' id='word_1_156' title='bbox 428 1617 715 1679; x_wconf 84' lang='lat' dir='ltr'>Deprecanea</span> <span class='ocrx_word' id='word_1_157' title='bbox 737 1651 749 1672; x_wconf 91' lang='lat'>,</span> <span class='ocrx_word' id='word_1_158' title='bbox 783 1635 892 1681; x_wconf 88' lang='lat' dir='ltr'>quae</span> <span class='ocrx_word' id='word_1_159' title='bbox 921 1619 1109 1682; x_wconf 84' lang='lat' dir='ltr'>speciem</span> <span class='ocrx_word' id='word_1_160' title='bbox 1139 1619 1318 1682; x_wconf 83' lang='lat' dir='ltr'>periculi</span> <span class='ocrx_word' id='word_1_161' title='bbox 1345 1619 1430 1665; x_wconf 86' lang='lat' dir='ltr'>fine</span> <span class='ocrx_word' id='word_1_162' title='bbox 1447 1636 1525 1681; x_wconf 91' lang='lat' dir='ltr'>pe-</span> 
     </span>
     <span class='ocr_line' id='line_1_22' title="bbox 241 1690 1525 1757; baseline 0.004 -22"><span class='ocrx_word' id='word_1_163' title='bbox 241 1690 384 1737; x_wconf 86' lang='lat' dir='ltr'>riculo</span> <span class='ocrx_word' id='word_1_164' title='bbox 425 1691 622 1741; x_wconf 82' lang='lat' dir='ltr'>afferunt.</span> <span class='ocrx_word' id='word_1_165' title='bbox 660 1695 910 1740; x_wconf 86' lang='lat' dir='ltr'>Peremtalia</span> <span class='ocrx_word' id='word_1_166' title='bbox 931 1729 944 1750; x_wconf 82' lang='lat'>‚</span> <span class='ocrx_word' id='word_1_167' title='bbox 982 1694 1138 1757; x_wconf 86' lang='lat' dir='ltr'>quibus</span> <span class='ocrx_word' id='word_1_168' title='bbox 1168 1694 1378 1740; x_wconf 85' lang='lat' dir='ltr'>tolluntur</span> <span class='ocrx_word' id='word_1_169' title='bbox 1405 1694 1525 1757; x_wconf 88' lang='lat' dir='ltr'>prio-</span> 
     </span>
     <span class='ocr_line' id='line_1_23' title="bbox 242 1764 1527 1831; baseline 0.002 -22"><span class='ocrx_word' id='word_1_170' title='bbox 242 1779 340 1810; x_wconf 88' lang='lat' dir='ltr'>rum</span> <span class='ocrx_word' id='word_1_171' title='bbox 362 1764 593 1812; x_wconf 85' lang='lat' dir='ltr'>fulminum</span> <span class='ocrx_word' id='word_1_172' title='bbox 615 1766 772 1814; x_wconf 83' lang='lat' dir='ltr'>minae.</span> <span class='ocrx_word' id='word_1_173' title='bbox 795 1768 1004 1815; x_wconf 79' lang='lat' dir='ltr'>Attestata</span> <span class='ocrx_word' id='word_1_174' title='bbox 1018 1804 1031 1826; x_wconf 79' lang='lat'>‚</span> <span class='ocrx_word' id='word_1_175' title='bbox 1051 1784 1161 1831; x_wconf 89' lang='lat' dir='ltr'>quae</span> <span class='ocrx_word' id='word_1_176' title='bbox 1182 1768 1401 1827; x_wconf 84' lang='lat' dir='ltr'>prioribus</span> <span class='ocrx_word' id='word_1_177' title='bbox 1421 1784 1527 1814; x_wconf 89' lang='lat' dir='ltr'>con-</span> 
     </span>
     <span class='ocr_line' id='line_1_24' title="bbox 241 1836 1527 1903; baseline 0 -19"><span class='ocrx_word' id='word_1_178' title='bbox 241 1836 445 1884; x_wconf 85' lang='lat' dir='ltr'>sentiunt.</span> <span class='ocrx_word' id='word_1_179' title='bbox 474 1840 731 1885; x_wconf 85' lang='lat' dir='ltr'>Atterranea</span> <span class='ocrx_word' id='word_1_180' title='bbox 749 1873 762 1895; x_wconf 95' lang='lat'>,</span> <span class='ocrx_word' id='word_1_181' title='bbox 794 1858 902 1903; x_wconf 85' lang='lat' dir='ltr'>quae</span> <span class='ocrx_word' id='word_1_182' title='bbox 918 1841 962 1885; x_wconf 88' lang='lat' dir='ltr'>in</span> <span class='ocrx_word' id='word_1_183' title='bbox 983 1839 1148 1886; x_wconf 88' lang='lat' dir='ltr'>incluso</span> <span class='ocrx_word' id='word_1_184' title='bbox 1164 1838 1285 1885; x_wconf 83' lang='lat' dir='ltr'>fiunt.</span> <span class='ocrx_word' id='word_1_185' title='bbox 1322 1838 1494 1885; x_wconf 84' lang='lat' dir='ltr'>Obruta</span> <span class='ocrx_word' id='word_1_186' title='bbox 1514 1874 1527 1895; x_wconf 91' lang='lat'>,</span> 
     </span>
     <span class='ocr_line' id='line_1_25' title="bbox 243 1909 1531 1974; baseline 0.002 -19"><span class='ocrx_word' id='word_1_187' title='bbox 243 1909 406 1972; x_wconf 88' lang='lat' dir='ltr'>quibus</span> <span class='ocrx_word' id='word_1_188' title='bbox 434 1911 520 1956; x_wconf 87' lang='lat' dir='ltr'>iam</span> <span class='ocrx_word' id='word_1_189' title='bbox 551 1911 669 1973; x_wconf 88' lang='lat' dir='ltr'>prius</span> <span class='ocrx_word' id='word_1_190' title='bbox 703 1911 900 1974; x_wconf 83' lang='lat' dir='ltr'>percuffa</span> <span class='ocrx_word' id='word_1_191' title='bbox 931 1929 1010 1959; x_wconf 88' lang='lat' dir='ltr'>nec</span> <span class='ocrx_word' id='word_1_192' title='bbox 1045 1922 1274 1973; x_wconf 86' lang='lat' dir='ltr'>procurata</span> <span class='ocrx_word' id='word_1_193' title='bbox 1301 1909 1531 1958; x_wconf 84' lang='lat' dir='ltr'>feriuntur.</span> 
     </span>
     <span class='ocr_line' id='line_1_26' title="bbox 243 1983 1531 2049; baseline 0 -20"><span class='ocrx_word' id='word_1_194' title='bbox 243 1984 453 2047; x_wconf 82' lang='lat' dir='ltr'>Regalia‚</span> <span class='ocrx_word' id='word_1_195' title='bbox 493 2002 686 2047; x_wconf 80' lang='lat' dir='ltr'>quorum</span> <span class='ocrx_word' id='word_1_196' title='bbox 728 1985 776 2032; x_wconf 87' lang='lat' dir='ltr'>vi</span> <span class='ocrx_word' id='word_1_197' title='bbox 817 1986 1007 2049; x_wconf 77' lang='lat' dir='ltr'>tangitur</span> <span class='ocrx_word' id='word_1_198' title='bbox 1045 1984 1118 2033; x_wconf 88' lang='lat' dir='ltr'>vel</span> <span class='ocrx_word' id='word_1_199' title='bbox 1157 1984 1419 2040; x_wconf 86' lang='lat' dir='ltr'>comitium,</span> <span class='ocrx_word' id='word_1_200' title='bbox 1458 1983 1531 2030; x_wconf 91' lang='lat' dir='ltr'>vel</span> 
     </span>
     <span class='ocr_line' id='line_1_27' title="bbox 244 2056 1531 2122; baseline 0.001 -20"><span class='ocrx_word' id='word_1_201' title='bbox 244 2056 501 2119; x_wconf 79' lang='lat' dir='ltr'>principalia</span> <span class='ocrx_word' id='word_1_202' title='bbox 533 2058 653 2105; x_wconf 84' lang='lat' dir='ltr'>urbis</span> <span class='ocrx_word' id='word_1_203' title='bbox 696 2059 856 2106; x_wconf 85' lang='lat' dir='ltr'>liberae</span> <span class='ocrx_word' id='word_1_204' title='bbox 886 2060 1013 2105; x_wconf 92' lang='lat' dir='ltr'>loca:</span> <span class='ocrx_word' id='word_1_205' title='bbox 1048 2074 1238 2122; x_wconf 88' lang='lat' dir='ltr'>quorum</span> <span class='ocrx_word' id='word_1_206' title='bbox 1276 2056 1531 2119; x_wconf 76' lang='lat' dir='ltr'>significatio</span> 
     </span>
     <span class='ocr_line' id='line_1_28' title="bbox 242 2129 1534 2192; baseline -0.001 -18"><span class='ocrx_word' id='word_1_207' title='bbox 242 2146 426 2192; x_wconf 85' lang='lat' dir='ltr'>regnum</span> <span class='ocrx_word' id='word_1_208' title='bbox 449 2129 617 2177; x_wconf 87' lang='lat' dir='ltr'>civitati</span> <span class='ocrx_word' id='word_1_209' title='bbox 650 2131 853 2177; x_wconf 85' lang='lat' dir='ltr'>minatur.</span> <span class='ocrx_word' id='word_1_210' title='bbox 888 2130 1060 2177; x_wconf 84' lang='lat' dir='ltr'>Inferna</span> <span class='ocrx_word' id='word_1_211' title='bbox 1080 2166 1092 2185; x_wconf 96' lang='lat'><em>,</em></span> <span class='ocrx_word' id='word_1_212' title='bbox 1128 2148 1227 2176; x_wconf 88' lang='lat' dir='ltr'>cum</span> <span class='ocrx_word' id='word_1_213' title='bbox 1258 2146 1282 2176; x_wconf 90' lang='lat' dir='ltr'>e</span> <span class='ocrx_word' id='word_1_214' title='bbox 1315 2142 1426 2175; x_wconf 86' lang='lat' dir='ltr'>terra</span> <span class='ocrx_word' id='word_1_215' title='bbox 1455 2145 1534 2174; x_wconf 84' lang='lat' dir='ltr'>ex-</span> 
     </span>
     <span class='ocr_line' id='line_1_29' title="bbox 244 2200 1533 2268; baseline 0.001 -22"><span class='ocrx_word' id='word_1_216' title='bbox 244 2200 390 2247; x_wconf 80' lang='lat' dir='ltr'>siliunt</span> <span class='ocrx_word' id='word_1_217' title='bbox 415 2201 548 2265; x_wconf 79' lang='lat' dir='ltr'>ignes.</span> <span class='ocrx_word' id='word_1_218' title='bbox 586 2203 858 2266; x_wconf 86' lang='lat' dir='ltr'>Hospitalia,</span> <span class='ocrx_word' id='word_1_219' title='bbox 889 2221 1000 2268; x_wconf 87' lang='lat' dir='ltr'>quae</span> <span class='ocrx_word' id='word_1_220' title='bbox 1032 2202 1253 2249; x_wconf 80' lang='lat' dir='ltr'>sacrificiis</span> <span class='ocrx_word' id='word_1_221' title='bbox 1286 2203 1339 2248; x_wconf 86' lang='lat' dir='ltr'>ad</span> <span class='ocrx_word' id='word_1_222' title='bbox 1361 2218 1440 2248; x_wconf 81' lang='lat' dir='ltr'>nos</span> <span class='ocrx_word' id='word_1_223' title='bbox 1458 2203 1533 2246; x_wconf 85' lang='lat' dir='ltr'>Io-</span> 
     </span>
     <span class='ocr_line' id='line_1_30' title="bbox 249 2272 1539 2342; baseline -0.001 -22"><span class='ocrx_word' id='word_1_224' title='bbox 249 2291 351 2320; x_wconf 90' lang='lat' dir='ltr'>vem</span> <span class='ocrx_word' id='word_1_225' title='bbox 376 2276 620 2333; x_wconf 84' lang='lat' dir='ltr'>arcessunt,</span> <span class='ocrx_word' id='word_1_226' title='bbox 648 2293 692 2324; x_wconf 86' lang='lat' dir='ltr'>et</span> <span class='ocrx_word' id='word_1_227' title='bbox 719 2278 798 2342; x_wconf 89' lang='lat' dir='ltr'>(ut</span> <span class='ocrx_word' id='word_1_228' title='bbox 833 2279 972 2325; x_wconf 85' lang='lat' dir='ltr'>verbo</span> <span class='ocrx_word' id='word_1_229' title='bbox 999 2294 1156 2324; x_wconf 86' lang='lat' dir='ltr'>eorum</span> <span class='ocrx_word' id='word_1_230' title='bbox 1187 2276 1379 2323; x_wconf 84' lang='lat' dir='ltr'>molliori</span> <span class='ocrx_word' id='word_1_231' title='bbox 1406 2272 1539 2336; x_wconf 79' lang='lat' dir='ltr'>utar)</span> 
     </span>
     <span class='ocr_line' id='line_1_31' title="bbox 246 2345 1535 2400; baseline -0.002 -10"><span class='ocrx_word' id='word_1_232' title='bbox 246 2345 448 2393; x_wconf 79' lang='lat' dir='ltr'>invitant.</span> <span class='ocrx_word' id='word_1_233' title='bbox 474 2346 548 2393; x_wconf 81' lang='lat' dir='ltr'>sed</span> <span class='ocrx_word' id='word_1_234' title='bbox 577 2347 607 2394; x_wconf 81' lang='lat' dir='ltr'>fi</span> <span class='ocrx_word' id='word_1_235' title='bbox 635 2347 846 2395; x_wconf 87' lang='lat' dir='ltr'>irascente</span> <span class='ocrx_word' id='word_1_236' title='bbox 877 2347 1065 2394; x_wconf 89' lang='lat' dir='ltr'>domino</span> <span class='ocrx_word' id='word_1_237' title='bbox 1091 2348 1308 2400; x_wconf 87' lang='lat' dir='ltr'>invitant,</span> <span class='ocrx_word' id='word_1_238' title='bbox 1331 2358 1434 2391; x_wconf 86' lang='lat' dir='ltr'>tunc</span> <span class='ocrx_word' id='word_1_239' title='bbox 1455 2360 1535 2389; x_wconf 87' lang='lat' dir='ltr'>ve-</span> 
     </span>
     <span class='ocr_line' id='line_1_32' title="bbox 249 2415 1538 2484; baseline -0.002 -20"><span class='ocrx_word' id='word_1_240' title='bbox 249 2418 343 2465; x_wconf 85' lang='lat' dir='ltr'>nire</span> <span class='ocrx_word' id='word_1_241' title='bbox 361 2436 464 2466; x_wconf 87' lang='lat' dir='ltr'>cum</span> <span class='ocrx_word' id='word_1_242' title='bbox 484 2437 645 2484; x_wconf 83' lang='lat' dir='ltr'>magno</span> <span class='ocrx_word' id='word_1_243' title='bbox 662 2420 945 2469; x_wconf 80' lang='lat' dir='ltr'>invitantium</span> <span class='ocrx_word' id='word_1_244' title='bbox 970 2420 1164 2483; x_wconf 79' lang='lat' dir='ltr'>periculo</span> <span class='ocrx_word' id='word_1_245' title='bbox 1184 2419 1381 2467; x_wconf 80' lang='lat' dir='ltr'>affirmat.</span> <span class='ocrx_word' id='word_1_246' title='bbox 1400 2415 1538 2465; x_wconf 82' lang='lat' dir='ltr'>Auxi-</span> 
     </span>
    </p>
   </div>
   <div class='ocr_carea' id='block_1_3' title="bbox 1689 0 1730 686">
    <p class='ocr_par' dir='ltr' id='par_1_4' title="bbox 1689 0 1730 686">
     <span class='ocr_line' id='line_1_33' title="bbox 1689 0 1730 686; baseline 0 2184"><span class='ocrx_word' id='word_1_247' title='bbox 1689 0 1730 686; x_wconf 95' lang='lat' dir='ltr'> </span> 
     </span>
    </p>
   </div>
  </div>
 </body>
</html>
