1730 2870
319 136 408 184 208
540 138 587 184 Lj
636 137 944 185 ANNAEI
993 138 1357 186 SENECAE

312 253 507 317 pentium
528 287 542 311 a
578 264 620 298 et
649 249 835 298 aliorum
865 253 1149 312 animalium,
1181 253 1336 317 quibus
1362 254 1589 303 mortifera

310 328 378 373 vis
407 325 541 382 inest,
577 341 676 371 cum
711 323 894 370 fulmine
926 324 1008 371 ἰξῒει
1038 326 1159 383 sunt,
1197 343 1416 373 venenum
1455 344 1587 374 omne

307 399 599 446 consumitur?
632 399 763 444 Unde
780 433 794 455 ‚
813 398 954 460 inquit
974 434 989 454 ,
1016 398 1130 444 scis?
1163 399 1208 444 in
1237 399 1458 446 venenatis
1487 417 1585 446 cor-

306 475 486 537 poribus
518 473 680 520 vermis
718 489 809 518 non
849 472 1049 519 nascitur.
1098 472 1292 519 Fulmina
1326 474 1442 532 i&a‚
1475 474 1585 520 intra

306 549 396 594 dies
423 547 681 594 verminant.

368 617 564 666 XXXH.
599 617 723 679 Quid
748 653 761 676 ‚
801 618 923 683 quod
969 616 1117 665 futura
1160 620 1461 682 portendunt:
1502 639 1581 669 nec

301 694 428 740 unius
459 707 628 738 tantum
662 704 734 737 aut
764 691 937 737 alterius
971 691 1034 737 rei
1060 692 1178 754 signa
1198 693 1328 747 dant,
1358 693 1428 738 sed
1457 694 1578 756 saepe

299 779 443 812 totum
491 764 680 808 fatorum
724 762 993 824 sequentium
1033 764 1233 809 ordinem
1269 764 1498 822 nuntiant,
1535 780 1577 812 er.

295 839 474 902 quidem
499 836 680 881 decretis
703 836 982 882 evidentibus
1002 870 1015 891 ‚
1050 837 1267 898 longeque
1296 836 1575 895 clarioribus,

295 925 426 973 quam
447 907 475 953 fi
495 908 816 953 scriberentur?
844 909 944 953 Hoc
974 922 1116 953 autem
1144 909 1257 954 inter
1291 925 1370 954 nes
1399 923 1440 954 et
1460 911 1572 956 Tul?—

295 1001 400 1041 cos,
433 983 588 1045 quibus
619 981 784 1025 summa
817 982 1219 1043 persequendorum
1256 981 1483 1027 fulminum
1516 983 1575 1028 est

292 1058 466 1105 scientia
482 1093 495 1114 ‚
513 1054 695 1101 interest.
720 1056 815 1100 Nos
846 1069 1075 1117 putemus,
1097 1057 1218 1118 quod
1243 1057 1375 1102 nubes
1402 1056 1573 1102 collisae

293 1133 413 1187 sunt,
435 1132 535 1178 ideo
557 1129 737 1175 fulmina
755 1129 904 1175 emitti.
929 1129 1004 1191 lpfi
1030 1129 1276 1175 existimant
1295 1165 1308 1187 ,
1330 1131 1466 1176 nubes
1486 1131 1571 1176 col-

290 1205 401 1262 lidi,
435 1218 482 1250 ut
529 1201 712 1248 fulmina
747 1200 1010 1247 emittantur.
1058 1204 1172 1248 Nam
1204 1218 1302 1249 cum
1337 1203 1487 1248 omnia
1519 1205 1571 1249 ad

291 1280 441 1325 Deum
462 1275 651 1322 referant
669 1305 683 1330 ‚
712 1273 756 1319 in
777 1291 826 1320 ea
851 1273 944 1319 sunt
968 1274 1205 1336 opinione,
1225 1288 1454 1338 tanquam,
1479 1294 1568 1322 non

289 1351 390 1414 quia
426 1350 537 1395 saEla
567 1348 695 1406 sunt,
730 1345 1008 1410 fignificent3
1042 1346 1113 1393 sed
1154 1347 1253 1410 quia
1283 1347 1568 1410 significatura

286 1425 382 1472 sunt
401 1459 414 1481 ‚
441 1419 576 1468 fiant:
605 1420 755 1466 eadem
793 1432 939 1465 tamen
984 1419 1152 1466 ratione
1187 1419 1329 1477 fiunt„
1360 1420 1447 1466 live
1487 1422 1567 1469 illis

285 1494 525 1560 significare
560 1492 832 1555 propositum
861 1490 949 1548 est,
985 1491 1074 1536 five
1105 1492 1385 1553 consequens.
1433 1493 1565 1551 Quo-

255 1591 258 1593 >
285 1569 424 1625 modo
448 1582 555 1629 ergo
576 1563 840 1627 significant,
870 1562 950 1608 nisi
968 1579 991 1608 a
1013 1563 1118 1610 Deo
1139 1564 1395 1610 mittantur?
1430 1566 1562 1623 Quo-

284 1641 424 1689 modo
454 1654 557 1686 aves
590 1652 680 1683 non
716 1636 760 1681 in
793 1635 881 1681 hoc
920 1647 1095 1692 motae,
1118 1647 1165 1681 ut
1196 1635 1322 1682 nobis
1353 1652 1560 1683 oecurre-

284 1726 408 1769 rent,
439 1712 640 1759 dextrum
667 1708 944 1772 auspicium,
963 1709 1233 1758 finistrumve
1263 1709 1477 1756 fecerunt.
1506 1713 1558 1759 Et

284 1785 401 1846 illas,
440 1785 614 1849 inquit,
645 1786 768 1831 Deus
798 1782 959 1830 movit.
1006 1783 1148 1830 Nimis
1181 1783 1301 1830 illum
1336 1783 1560 1843 otiosum,

283 1875 326 1909 et
356 1858 529 1925 pusillae
553 1859 617 1906 rei
645 1857 892 1904 ministrum
926 1856 1031 1903 facis
1051 1893 1064 1915 ‚
1091 1857 1119 1902 fi
1144 1857 1233 1903 aliis
1250 1857 1415 1904 somnia
1434 1891 1448 1915 ,
1469 1859 1559 1904 aliis

281 1950 380 1981 exta
409 1930 612 1994 disponit.
659 1927 739 1974 Ista
776 1926 1059 1974 nihilominus
1095 1927 1242 1975 divina
1278 1944 1363 1990 ope
1399 1945 1557 1991 gerun-

279 2019 364 2054 tur.
399 2006 480 2052 Sed
508 2021 600 2051 non
630 2020 654 2050 a
688 2003 794 2050 Deo
827 2018 995 2065 pennae
1027 2001 1176 2047 avium
1206 2013 1438 2064 reguntur,
1472 2020 1554 2050 nec

278 2079 493 2145 pecudum
518 2077 682 2126 viscera
706 2076 782 2123 sub
805 2075 893 2138 ipsa
917 2075 1055 2123 securi
1076 2075 1334 2123 formantur.
1369 2075 1465 2121 Alia
1483 2094 1554 2122 ra-

276 2154 399 2201 tione
422 2151 612 2198 fatorum
644 2150 769 2197 series
787 2149 1027 2212 explicatur
1046 2185 1059 2207 ‚
1080 2149 1239 2196 indicia
1263 2151 1435 2197 venturi
1455 2151 1551 2197 ubi-

277 2245 364 2290 que
396 2226 699 2290 praemittens‚
735 2241 789 2270 ex
818 2224 975 2287 quibus
1009 2224 1137 2270 nobis
1172 2225 1382 2288 quaedam
1425 2224 1552 2270 fami-

275 2300 426 2358 liaria,
457 2300 668 2363 quaedam
699 2298 847 2362 ignota
878 2298 984 2344 sunt.
1021 2297 1251 2361 Quidquid
1278 2297 1350 2352 fit,
1370 2297 1550 2345 alicuius

277 2372 339 2419 rei
360 2372 529 2418 futurae
556 2373 723 2436 signum
749 2371 837 2418 est:
865 2370 1046 2418 fortuita
1064 2408 1078 2430 ,
1107 2384 1150 2417 et
1167 2371 1254 2418 fine
1279 2373 1448 2418 ratione
1470 2390 1547 2418 va·—

276 2459 357 2511 ga,
378 2445 691 2496 divinationem
715 2461 808 2493 non
834 2444 1061 2509 recipiunt.
1089 2444 1228 2492 Cuius
1243 2444 1305 2491 rei
1325 2445 1439 2492 ordo
1457 2443 1518 2491 est
1532 2479 1547 2502 ‚
