1730 2870
278 172 341 219 66
538 173 586 219 L.
628 171 919 218 ANNAEI
964 173 1303 220 SENECAE

277 278 351 326 tia.
386 281 637 336 Praeterea,
670 278 941 341 quarundam
976 278 1037 325 illi
1065 296 1211 327 rerum
1241 279 1441 327 notitiam
1467 293 1552 328 tra-

272 352 369 399 det.
399 368 488 398 non
523 350 640 398 enim
675 350 826 397 omnia
855 350 1020 413 sapiens
1050 352 1126 398 scit
1156 370 1167 399 ε
1198 353 1360 399 etiamfi
1395 354 1550 410 sciret,

274 425 505 472 breviores
538 423 631 471 vias
667 439 815 470 rerum
852 423 1006 487 aliquis
1036 425 1283 488 excogitare
1318 426 1478 489 poffit,
1511 440 1554 473 et

274 499 351 544 has
375 496 594 550 indicare,
623 511 701 558 per
731 512 836 559 quas
862 495 1031 542 facilius
1063 511 1208 543 torum
1231 513 1344 560 opus
1367 498 1552 546 circum-

272 570 426 618 fertur.
463 568 665 614 Proderit
695 568 875 631 sapienti
900 568 1066 631 sapiens
1098 587 1108 614 :
1143 586 1234 616 non
1264 570 1425 618 scilicet
1453 586 1551 618 tan-

270 659 366 691 tum
386 642 468 689 suis
490 641 674 700 viribus,
693 640 765 688 sed
784 641 912 704 ipfius
931 658 1062 705 quem
1085 641 1274 688 adiuvat.
1294 643 1436 690 Potest
1456 645 1555 707 qui-

272 718 376 764 dem
407 716 478 762 ille
512 714 644 762 etiam
677 714 848 761 relictus
883 714 959 759 fibi
979 749 992 770 ‚
1027 713 1245 775 explicare
1276 725 1416 776 partes
1450 715 1554 762 suas.

272 792 433 836 Utetur
457 786 636 850 propria
659 785 923 833 velocitate:
954 785 1026 832 sed
1055 785 1340 832 nihilominus
1376 786 1553 833 adiuvat

270 863 403 910 etiam
426 897 439 919 ,
468 860 542 923 qui
572 875 818 907 currentem
855 859 1071 905 hortatur.
1114 861 1220 904 Non
1249 858 1429 920 prodest
1458 875 1553 906 tan-

270 948 366 982 tum
396 933 560 995 sapiens
586 931 790 994 sapienti,
812 931 883 978 sed
902 930 978 977 fibi
1004 930 1096 992 ipsi.
1122 931 1336 978 Obiicies.
1355 931 1553 978 Detrahe

269 1008 335 1055 illi
363 1006 455 1054 vim
485 1004 709 1068 propriam
728 1040 741 1060 ,
767 1021 809 1052 et
839 1005 910 1050 ille
942 1004 1047 1050 nihil
1075 1004 1172 1067 agit.
1211 1004 1293 1050 Isto
1327 1006 1466 1051 modo
1485 1006 1554 1052 di-

272 1097 346 1127 cas
370 1080 496 1136 licet,
525 1096 619 1125 non
645 1078 732 1125 effe
760 1079 805 1124 in
833 1078 961 1124 melle
988 1077 1282 1124 dulcedinem.
1318 1078 1432 1124 Nam
1463 1079 1553 1142 ipse

269 1151 343 1198 ille
371 1151 446 1214 qui
476 1149 563 1206 est,
594 1148 677 1196 effe
710 1150 837 1197 debet
867 1150 923 1195 ita
948 1162 1115 1210 aptatus
1144 1149 1288 1213 lingua
1318 1150 1552 1213 palatoque

268 1225 327 1272 ad
359 1223 610 1270 huiusmodi
642 1223 844 1287 gustum,
869 1234 917 1269 ut
951 1223 1023 1268 ille
1047 1223 1120 1269 tali
1148 1224 1301 1285 sapore
1331 1217 1553 1286 capiatur,

271 1314 365 1344 non
391 1296 651 1343 offendatur.
693 1298 800 1342 Sunt
823 1295 941 1341 enim
974 1294 1182 1358 quidam,
1214 1296 1371 1359 quibus
1405 1298 1551 1344 morbi

268 1372 388 1417 virio
417 1370 502 1416 mel
531 1386 726 1416 amarum
757 1369 969 1416 videatur.
999 1371 1194 1431 Oportet
1220 1382 1458 1433 utrumque
1482 1384 1550 1417 ta-

271 1446 356 1491 lem
383 1444 470 1491 effe
487 1479 500 1501 a
522 1457 569 1490 ut
587 1459 630 1490 et
657 1443 728 1490 ille
756 1442 958 1505 prodesse
983 1442 1137 1505 pollit,
1164 1455 1207 1489 et
1239 1441 1340 1488 huic
1372 1443 1552 1506 profec-

271 1531 374 1566 turo
406 1519 566 1564 idonea
591 1517 771 1563 materia
802 1517 864 1564 fit.
900 1520 947 1562 In
977 1517 1218 1574 summum,
1248 1515 1412 1579 inquit,
1444 1534 1549 1579 pro-

268 1591 405 1637 ducto
438 1590 627 1636 calorem
653 1586 839 1635 calefieri
863 1588 1179 1650 supervacuum
1201 1585 1261 1634 est
1282 1605 1293 1633 ε
1313 1600 1354 1634 et
1371 1587 1415 1633 in
1435 1588 1551 1635 sum·-

266 1678 393 1707 mum
414 1660 629 1723 prodiisto
648 1658 816 1705 bonum
840 1659 1162 1721 supervacuum
1180 1657 1241 1705 est
1256 1693 1269 1716 ,
1293 1659 1415 1721 quod
1443 1675 1550 1721 pro-

267 1734 333 1781 fit.
362 1734 595 1796 Numquid
623 1731 854 1778 instructus
881 1731 1087 1778 omnibus
1111 1732 1239 1778 rebus
1264 1731 1475 1794 agricola,
1495 1733 1549 1779 ab

265 1808 355 1854 ‘alio
375 1807 525 1854 instrui
544 1805 744 1868 quaerit?
775 1804 1004 1868 Numquid
1034 1816 1224 1850 armatus
1251 1804 1550 1867 miles,quan-

267 1892 361 1928 tum
392 1881 437 1926 in
466 1879 603 1926 aciem
632 1878 803 1924 exituro
835 1877 932 1925 satis
959 1876 1045 1935 est,
1075 1877 1259 1939 amplius
1285 1893 1403 1923 arma
1434 1879 1546 1925 defi-

265 1953 427 2000 derat?
462 1956 581 2015 'Ergo
612 1968 692 1998 nec
724 1950 907 2013 sapiens.
938 1950 1034 1996 satis
1067 1949 1183 1996 enim
1214 1949 1329 1996 vitae
1358 1950 1546 1997 instruc-

266 2037 358 2084 tus,
386 2026 482 2073 satis
505 2038 693 2072 armatus
714 2024 787 2072 est.
825 2023 918 2085 Qui
945 2023 990 2070 in
1025 2023 1196 2070 summo
1221 2022 1282 2070 est
1307 2022 1477 2083 calore,
1505 2025 1546 2072 ei

267 2116 358 2145 non
388 2116 502 2162 opus
533 2097 594 2144 est
617 2098 787 2144 adiecto
802 2132 818 2154 ,
846 2108 894 2143 ut
924 2097 1140 2142 summum
1165 2107 1322 2143 teneat.
1355 2097 1448 2159 Ipse
1472 2097 1544 2156 se,

263 2172 433 2234 inquit,
472 2171 593 2218 calor
627 2171 838 2219 continet.
883 2171 954 2217 Ad
989 2171 1096 2217 haec
1136 2170 1396 2233 respondeo.
1448 2171 1543 2218 Pri·

261 2261 386 2291 mum
432 2244 615 2291 multum
649 2243 822 2291 interest
865 2242 978 2290 inter
1012 2242 1116 2299 ista,
1156 2259 1267 2305 quae
1302 2258 1543 2304 comparas.

260 2317 397 2362 Calor
425 2317 541 2363 enim
574 2333 687 2363 unus
715 2315 806 2362 estt
835 2314 1037 2378 prodesse
1056 2314 1226 2363 varium
1252 2314 1327 2362 est.
1364 2313 1541 2361 Deinde

263 2390 385 2435 calor
415 2405 506 2434 non
541 2388 768 2434 adiuvatur
799 2386 1041 2434 adiectione
1077 2386 1267 2442 caloris,
1301 2397 1349 2432 ut
1371 2388 1538 2433 caleat:

259 2461 425 2524 sapiens
450 2478 543 2508 non
572 2462 715 2524 potest
740 2462 787 2508 in
820 2460 970 2508 habitu
995 2460 1092 2508 suae
1118 2461 1280 2510 mentis
1304 2458 1438 2518 stare,
1460 2457 1539 2505 nisi
