1730 2870
422 141 690 188 NATUR.
738 141 1031 204 QUAEST.
1082 144 1195 189 LlB.
1230 146 1258 190 1.
1400 149 1487 207 167

206 245 280 292 nisi
298 264 322 293 e
342 245 563 293 contrario
590 245 784 292 redditur
805 263 814 291 :
848 246 892 291 id
915 245 976 292 est
993 281 1007 303 ‚
1033 245 1107 291 nisi
1131 263 1184 291 ex
1211 247 1341 293 altera
1364 265 1488 310 parte

206 317 366 364 steterit
393 319 516 381 quod
541 330 749 380 apparet,
782 335 836 364 ex
867 318 997 364 altera
1018 319 1139 380 quod
1160 318 1357 365 ostendit.
1396 322 1485 366 Ra-

204 391 342 435 tiones
364 406 474 451 quae
506 407 596 435 non
624 390 878 452 persuadent
896 426 909 447 ,
942 390 1012 437 sed
1033 403 1223 454 cogunt,
1246 408 1268 436 a
1287 393 1486 439 Geome-

203 463 279 509 tris
312 461 561 509 afferuntur.
608 464 701 522 Nec
734 463 919 509 dubium
952 463 1156 526 cuiquam
1191 464 1486 528 relinquitur,

204 536 312 598 quin
331 553 453 582 arcus
476 537 624 600 imago
653 538 750 583 solis
775 537 823 582 stt
853 536 964 582 male
996 539 1182 600 expreffi
1199 573 1212 596 ,
1238 539 1299 585 ob
1330 538 1486 586 vitium

204 607 477 671 figuramque
501 609 671 672 speculi.
705 611 798 655 Nos
821 609 996 655 interim
1019 622 1235 658 tentemus
1260 612 1359 659 alias
1379 629 1488 674 pro-

205 680 401 727 bationes
416 717 429 737 ,
455 698 566 743 quae
581 682 633 727 de
650 682 779 744 plano
800 681 880 744 legi
902 681 1075 742 poffint.
1094 683 1212 729 Inter
1230 699 1486 746 argumenta

204 749 260 797 sic
294 753 502 798 uatcenris
532 769 655 798 arcus
680 768 828 814 pono,
855 753 976 814 quod
1005 753 1231 799 celerrime
1265 755 1484 804 nascitur:

202 824 352 886 ingens
375 824 492 870 enim
520 824 778 887 variumque
799 841 959 886 corpus
987 825 1116 871 coelo
1141 826 1252 872 intra
1280 843 1505 874 momen-¹

203 910 294 944 turi
334 897 602 951 subtexitur,
645 911 686 942 et
725 914 860 960 aeque
895 898 1093 943 celeriter
1124 899 1338 945 aboletur.
1377 901 1505 949 nihil,

202 983 346 1016 autem
384 985 471 1017 tarn
504 970 593 1017 cito
631 970 854 1027 redditur,
887 987 1017 1040 quarn
1052 987 1075 1016 a
1103 971 1281 1033 speculo
1322 973 1485 1037 imago,

200 1045 304 1091 Non
338 1044 454 1091 enim
489 1044 590 1091 facit
626 1046 901 1108 quidquam,
937 1035 1007 1092 sed
1041 1045 1240 1092 ostendit.
1278 1048 1484 1094 Parianus

201 1118 505 1164 Artemidorus
537 1117 712 1173 adiicit,
738 1131 780 1163 et
811 1117 940 1181 quale
973 1134 1107 1179 genus
1139 1118 1264 1165 nubis
1287 1119 1372 1165 effe
1406 1119 1482 1166 de-

196 1193 314 1246 beat,
334 1193 458 1254 quod
476 1192 602 1238 talem
625 1192 753 1238 solis
743 1192 976 1255 imaginem
1000 1192 1152 1239 reddit.
1173 1194 1215 1240 Si
1238 1193 1377 1257 specul
1369 1212 1479 1251 um,

196 1264 367 1325 inquit,
387 1281 634 1312 concavum
660 1264 839 1319 feceris,
858 1266 986 1344 quod
1002 1265 1050 1311 fit
1073 1266 1208 1313 seelae
1231 1268 1340 1329 pilae
1360 1285 1480 1330 pars,

196 1336 227 1382 st
247 1351 364 1385 extra
390 1338 584 1384 medium
611 1337 748 1383 consti
741 1338 887 1393 ·teris‚
916 1354 1167 1401 quicunque
1193 1338 1313 1385 iuxta
1334 1353 1375 1387 te
1396 1340 1479 1388 ste-

197 1409 360 1465 terint,
377 1409 565 1457 universi
585 1427 609 1455 a
630 1422 672 1456 te
691 1410 884 1456 videbun
890 1425 980 1467 t‚ur
1001 1409 1233 1473 propiores
1250 1411 1328 1458 tibi
1348 1429 1479 1474 quam

197 1481 386 1543 speculo.
404 1483 521 1529 Idem
538 1519 551 1538 ‚
574 1483 738 1546 inquit,
760 1483 936 1540 evenit,
962 1500 1062 1530 cum
1092 1484 1324 1530 rotundam
1344 1498 1386 1531 et
1404 1503 1479 1531 ca-

196 1571 297 1599 vam
319 1555 477 1601 nubem
500 1555 717 1602 intuemur
737 1574 760 1603 a
780 1557 932 1612 latere,
958 1569 1006 1602 ut
1028 1555 1128 1602 solis
1147 1556 1297 1618 imago
1317 1573 1340 1602 a
1360 1558 1473 1604 nube

194 1629 413 1685 discedat,
437 1630 709 1693 propiorque
729 1629 854 1676 nobis
881 1628 952 1684 su,
979 1644 1023 1675 et
1041 1629 1085 1675 in
1113 1646 1192 1676 nos
1212 1630 1345 1693 magis
1362 1647 1472 1677 con·

131 1757 138 1764 ⁸
196 1703 328 1749 versa.
363 1704 506 1749 Color
541 1703 671 1766 igitur
706 1702 858 1764 igneus
890 1719 913 1747 a
949 1702 1037 1749 sole
1071 1700 1160 1760 est,
1196 1701 1416 1749 caeruleus
1452 1718 1476 1748 a

193 1777 341 1822 nube:
370 1776 504 1823 ceteri
533 1775 753 1838 utriusque
782 1775 1008 1822 mixturae.

263 1854 316 1896 V.
347 1851 517 1896 Contra
553 1849 660 1895 haec
694 1848 761 1894 illa
787 1849 1003 1895 dicuntur.
1043 1849 1115 1895 De
1147 1847 1331 1910 speculis
1363 1848 1474 1894 duae

196 1925 430 1988 opiniones
456 1922 574 1969 sunt:
602 1922 672 1968 alii
695 1921 812 1967 enim
840 1922 884 1967 in
911 1922 976 1969 his
1000 1922 1221 1968 simulacra
1246 1920 1361 1967 cerni
1392 1938 1475 1982 pu-

198 2011 311 2055 tant,
338 1996 381 2042 id
401 1995 460 2041 est
477 2031 490 2053 ,
512 2012 750 2058 corporum
781 1994 1031 2042 nostrorum
1053 1994 1209 2058 figuras
1226 2026 1240 2049 ‚
1276 2011 1298 2040 a
1320 1993 1475 2040 nostris

196 2071 456 2133 corporibus
487 2071 656 2117 emifl'as
684 2088 733 2117 ac
757 2071 995 2134 separatas:
1025 2070 1092 2116 alii
1122 2070 1328 2132 imagines
1354 2068 1474 2114 aiunt

195 2160 286 2189 non
306 2143 388 2188 effe
401 2143 445 2189 in
464 2142 638 2205 speculo
653 2179 664 2198 ,
686 2142 757 2188 sed
776 2143 862 2204 ipsa
886 2141 1047 2204 adspici
1067 2158 1257 2204 corpora
1274 2176 1286 2197 ,
1307 2152 1472 2186 retorta

157 2246 166 2257 ο
196 2217 428 2262 oculorum
447 2216 538 2262 acie
558 2250 572 2273 ‚
593 2230 635 2263 et
655 2216 699 2262 in
720 2216 760 2263 se
787 2215 929 2261 rursus
948 2214 1122 2260 reflexa.
1142 2214 1183 2258 N
1188 2229 1272 2259 unc
1293 2212 1399 2257 nihil
1417 2211 1471 2257 ad

195 2306 287 2336 rem
316 2289 530 2351 pertinet,
562 2289 795 2352 quomodo
821 2288 1047 2334 videamus
1070 2287 1365 2348 quodcunque
1401 2284 1472 2332 vi—

196 2363 376 2409 demus:
405 2363 475 2409 sed
503 2362 738 2424 quomodo
759 2360 904 2423 imago
926 2359 1072 2405 similis
1090 2359 1218 2405 debet
1243 2374 1266 2404 e
1294 2356 1471 2419 speculo

194 2433 332 2483 reddi.
362 2434 586 2496 Quidnam
610 2433 670 2482 est
696 2450 784 2480 tam
815 2431 1011 2480 diffimile
1027 2463 1041 2487 ‚
1068 2448 1199 2494 quam
1220 2430 1282 2478 fol
1298 2466 1313 2489 ‚
1341 2440 1382 2475 et
1400 2445 1470 2474 ar·

1115 2507 1149 2550 1-
1181 2523 1209 2566 4
