1730 2870
225 129 318 176 234
483 117 531 163 L.
567 117 866 164 ANNAEI
918 119 1278 170 SENECAE

228 220 396 266 hiberni
427 222 648 272 defluxere
688 236 902 272 torrentes
917 261 930 284 ‚
970 225 1128 275 faciem
1164 227 1283 275 suam
1321 228 1509 279 servant-¹

289 296 366 340 IV.
396 295 588 342 Primum
609 313 716 359 ergo
743 313 1002 358 quaeramus
1017 335 1031 357 ,
1058 301 1295 363 quomodo
1315 303 1369 349 ad
1389 320 1503 351 con-

222 367 455 418 tinuandos
475 368 706 417 fluminum
730 371 877 419 cursus
899 383 1012 419 terra
1031 373 1242 434 sufficiat,
1269 376 1387 425 unde
1406 388 1507 424 tan-

224 456 316 488 tum
337 458 544 524 aquarum
565 457 700 495 exeat
719 447 958 503 Miramur,
976 450 1098 511 quod
1115 450 1404 499 acceffionem
1423 451 1510 499 flu-

225 514 396 561 minum
431 518 567 563 maria
606 534 698 566 non
729 518 921 566 sentiant
959 525 1113 584 Aeque
1142 523 1387 571 mirandum
1418 524 1511 585 est,'

224 590 347 651 quod
381 591 639 639 detrimenta
666 594 917 640 exeuntium
950 608 1063 642 terra
1093 613 1186 642 non
1217 597 1356 646 sentit.
1384 599 1510 660 Quid

224 661 286 707 est
303 697 319 718 ‚
345 664 466 725 quod
484 663 599 710 illam
621 664 678 714 fic
707 665 938 727 implevit,
960 681 1009 713 ut
1035 669 1244 730 praebere
1271 681 1435 717 tantum
1453 688 1512 718 ex

224 737 457 783 recondito
481 737 612 800 poflit
627 775 640 795 ,
670 757 719 787 ac
741 740 921 786 subinde
942 741 1166 805 suppleat?
1188 745 1513 808 Quamcunque

223 809 441 855 rationem
467 811 785 860 reddiderimus
806 814 860 859 <le
879 812 1059 862 flumine
1075 848 1090 871 ‚
1116 817 1269 867 eadem
1289 817 1372 864 erit
1387 817 1513 870 rivo-z

227 897 324 928 rum
348 899 398 928 ac
418 881 624 943 fontium.

291 956 348 1001 V.
381 954 576 1014 Quidam
603 957 798 1004 iudicant
813 990 827 1014 ⁹
849 970 1030 1017 terram,
1060 959 1276 1024 quidquid
1300 978 1514 1026 aquarum

224 1026 383 1085 emisit,
410 1028 554 1074 rursus
580 1030 780 1093 accipere
798 1049 809 1078 :
830 1045 872 1079 et
888 1033 948 1078 ob
966 1033 1055 1079 hoc
1081 1033 1216 1080 maria
1233 1050 1326 1081 non
1347 1037 1514 1084 cresce-

224 1117 297 1158 re,
314 1100 414 1165 quia
435 1102 557 1164 quod
576 1102 767 1161 influxit,
787 1121 880 1151 non
898 1105 944 1151 in
962 1106 1085 1153 suum
1106 1120 1296 1163 vertunt,
1313 1107 1387 1154 sed
1402 1124 1516 1171 pro-2

225 1172 339 1221 tinus
358 1174 562 1222 reddunt.
592 1175 789 1223 Occulto
808 1177 928 1224 enim
948 1178 1104 1226 itinere
1132 1179 1243 1226 subit
1271 1192 1406 1227 terras
1425 1217 1440 1240 ,
1469 1193 1514 1229 et

223 1247 365 1310 palam
387 1247 530 1306 venit,
563 1246 730 1297 secreto
754 1250 989 1298 revertitur
1005 1287 1018 1307 ,
1042 1252 1300 1317 colaturque
1318 1253 1365 1300 in
1392 1267 1515 1301 tran-

226 1319 307 1368 fitu
327 1336 476 1367 mare:
511 1321 635 1383 quod
658 1339 737 1383 per
759 1322 1025 1387 multiplices
1057 1324 1271 1373 anfraeius
1301 1340 1516 1375 terrarum

225 1394 505 1439 verberatum
521 1430 534 1452 ,
554 1395 888 1442 amaritudinem
910 1398 1038 1460 ponit
1059 1435 1073 1456 ,
1104 1411 1148 1445 et
1166 1400 1428 1461 pravitatem
1447 1400 1514 1447 sa-

225 1467 347 1531 poris
383 1467 427 1513 in
459 1480 577 1514 tanta
607 1468 685 1515 soli
719 1469 928 1518 varietate
962 1472 1114 1530 exuit,
1149 1487 1194 1520 et
1223 1472 1272 1522 in,
1301 1473 1519 1522 sinceram

224 1559 382 1606 aquam
414 1541 574 1589 transit,

291 1617 368 1662 VI.
389 1614 585 1675 Quidam
604 1615 869 1675 existimant,
889 1615 1105 1699 quidquid
1124 1635 1178 1664 ex
1193 1617 1407 1666 imbribus
1425 1632 1522 1666 ter-
1578 1616 1582 1620 ’

223 1705 272 1736 ra
293 1688 518 1751 concipit,
551 1688 595 1735 in
626 1688 807 1736 flumina
835 1691 981 1738 rursus
1013 1691 1171 1740 emitti.
1198 1695 1252 1739 Et
1270 1693 1358 1739 hoc
1384 1710 1516 1756 argu-

223 1767 363 1812 menti
383 1766 490 1813 loco
510 1777 710 1828 ponunt,
743 1767 866 1829 quod
887 1765 1136 1828 pauciffima
1158 1765 1339 1813 flumina
1358 1766 1479 1813 sunt
1469 1784 1516 1813 m

225 1840 293 1886 his
320 1840 459 1897 locis,
490 1839 537 1884 in
558 1838 717 1900 quibus
737 1855 858 1885 rarus
877 1837 938 1885 est
955 1838 1108 1885 imber.
1141 1839 1246 1885 ldeo
1271 1837 1401 1887 ficcas
1429 1839 1515 1886 effe

225 1913 348 1960 aiunt
376 1912 634 1976 Aethiopiae
667 1913 947 1972 solitudines,
972 1913 1260 1978 paucosque
1250 1914 1439 1960 inveniri
1469 1915 1521 1964 1ηλ

224 1987 435 2049 interiore
453 1986 606 2037 Africa
625 1988 768 2036 fontes
787 2004 799 2033 ε
822 1988 925 2052 quia
944 1988 1117 2036 fervida
1134 1988 1246 2036 coeli
1264 1999 1413 2034 natura
1441 1988 1517 2047 fit„

225 2075 270 2110 et
287 2080 425 2126 paene
442 2063 612 2127 semper
626 2062 799 2111 aestiva.
821 2063 1046 2127 Squalidae
1064 2063 1208 2127 itaque
1226 2063 1312 2109 fine
1331 2064 1521 2122 arbore,

225 2135 317 2182 ‘fine
350 2135 519 2183 cultore
549 2152 704 2182 arenae
733 2136 872 2183 iacent
888 2171 905 2194 ,Ἰ
937 2136 1044 2183 raris
1077 2135 1287 2183 imbribus
1322 2135 1521 2201 sparsae,

227 2226 343 2272 quos
371 2209 509 2255 statim
541 2208 814 2257 combibunt.
842 2212 900 2256 At
927 2221 1081 2256 contra
1108 2207 1303 2267 constat,
1330 2209 1521 2254 Germa-

226 2282 344 2327 niam
367 2282 670 2346 Galliamque,
701 2294 744 2328 et
773 2282 977 2345 proxime
995 2281 1049 2327 ab
1078 2281 1144 2328 his
1163 2281 1346 2337 ltaliam,
1373 2281 1515 2326 abun-

229 2355 332 2402 dare
350 2354 455 2401 rivis
476 2368 519 2401 et
538 2355 791 2404 fluminibus
810 2374 820 2403 :
840 2355 944 2419 quia
962 2355 1095 2403 coelo
1115 2355 1301 2406 humido
1319 2365 1516 2414 utuntur,

227 2438 272 2478 et
290 2441 344 2473 ne
366 2425 497 2474 aestas
517 2428 696 2493 quidem
714 2429 927 2478 imbribus
947 2442 1084 2480 caret*

1724 1466 1730 1559 ἑ
