1730 2870
495 153 1070 201 EPISTOLAE.
1329 168 1411 199 121

152 279 254 309 meo
270 298 284 321 ,
308 261 478 325 Pyrrhe
494 294 507 315 ‚
530 272 573 307 et
599 259 762 323 gaude,
792 259 914 322 quod
937 258 1078 306 adhuc
1105 257 1282 305 dolebas
1301 294 1313 316 ‚
1341 262 1421 305 Fa-

151 335 333 381 bricium
368 350 456 379 non
494 332 613 395 poffe
643 333 878 394 corrumpi.
920 331 1128 377 Horatius
1158 331 1318 378 Cocles
1351 332 1423 378 so-

150 407 213 453 lus
236 405 435 468 implevit
466 406 612 468 pontis
643 405 852 469 angustias
872 441 885 462 ,
917 404 1138 466 adimique
1165 421 1188 450 a
1214 419 1338 467 tergo
1367 405 1423 450 si-

149 483 193 527 bi
224 479 437 535 reditum,
463 479 710 525 dummodo
738 478 818 524 iter
841 476 953 523 hosti
983 474 1248 532 auferretur,
1279 475 1421 523 iuffit:

149 568 192 600 et
226 557 325 598 tam'
342 552 416 598 diu
444 552 593 599 restitit
631 551 926 614 prementibus
944 582 960 606 ‚
991 550 1134 597 donec
1162 550 1331 596 revulsa
1357 543 1443 596 in-’

149 627 266 690 genti
295 626 418 672 ruina
449 627 566 690 tigna
591 626 845 672 sonuerunt.
878 624 1113 686 Postquam
1138 623 1351 686 respexit,
1382 635 1425 670 et

149 715 270 747 extra
305 701 547 763 periculum
578 699 663 746 effe
702 700 882 761 patriam
916 699 1112 762 periculo
1142 697 1218 744 suo
1251 698 1375 744 sensit
1408 715 1421 744 τ

148 775 334 832 Veniat,
362 773 391 819 fi
418 775 513 838 quis
532 773 652 835 vult,
672 773 842 836 inquit,
874 771 931 819 fic
960 784 1136 819 euntem
1161 770 1280 833 sequi
1306 788 1316 815 ε
1345 770 1424 817 de-

149 845 298 908 ditque
325 845 364 891 se
385 845 429 891 in
449 860 658 908 praeceps
685 862 696 890 :
726 856 771 891 et
791 859 881 890 non
902 842 1043 888 minus
1063 841 1254 887 solicitus
1277 840 1321 886 in
1349 841 1427 887 illo

147 917 305 977 rapido
325 917 456 963 alveo
480 915 704 973 fluminis,
737 930 785 963 ut
811 927 1020 967 armatus,
1051 930 1179 976 quam
1211 926 1260 958 ut
1285 912 1433 959 salvus

147 989 312 1047 exiret,
351 999 523 1036 retento
558 1004 781 1034 armorum
819 986 1063 1034 vistricium
1104 987 1297 1042 decore,
1339 997 1428 1031 tam

146 1073 262 1108 tutus
285 1061 434 1119 rediit,
455 1078 587 1124 quam
614 1061 644 1107 fi
672 1076 810 1124 ponte
838 1060 1033 1107 venisset.
1061 1061 1182 1106 Haec
1210 1071 1252 1105 et
1279 1057 1431 1105 huius-

146 1134 271 1179 modi
294 1133 401 1179 faita
421 1133 656 1197 imaginem
685 1134 814 1180 nobis
835 1133 1065 1179 ostendere
1090 1132 1278 1179 virtutis.
1308 1131 1430 1177 Adii-

146 1208 257 1254 ciam
288 1208 410 1270 quod
439 1207 596 1253 mirum
619 1206 798 1254 fortaffe
827 1207 1058 1253 videatur:
1081 1205 1189 1251 mala
1208 1205 1430 1250 interdum

145 1279 334 1341 speciem
361 1279 531 1326 honesti
560 1280 811 1326 obtulerunt
829 1315 842 1336 ‚
873 1291 918 1325 et
936 1278 1153 1341 optimum
1173 1295 1226 1323 ex
1253 1292 1430 1324 contra-

145 1353 213 1398 rio
238 1352 374 1398 nituit.
399 1354 504 1399 Sunt
533 1353 679 1410 enim,
705 1367 753 1399 ut
782 1353 886 1409 scis,
917 1351 1149 1398 virtutibus
1180 1351 1287 1398 vitia
1316 1368 1429 1397 con-

147 1424 247 1469 finia
264 1460 276 1480 ‚
302 1438 344 1469 et
362 1424 539 1486 perditis
565 1440 748 1487 quoque
777 1441 826 1471 ac
847 1423 1044 1486 turpibus
1067 1423 1168 1469 reffl
1193 1423 1430 1469 similitudo

147 1497 219 1543 est.
240 1497 307 1542 Sic
329 1496 535 1543 mentitur
554 1498 764 1560 prodigus
792 1497 1013 1543 liberalem
1031 1514 1042 1542 ε
1071 1513 1171 1543 cum
1190 1496 1429 1558 plurimum

147 1570 335 1625 intersit,
365 1582 512 1616 utrum
537 1569 637 1632 quis
668 1570 772 1616 dare
799 1569 902 1616 sciat
921 1604 935 1626 ‚
969 1585 1024 1614 an
1055 1568 1225 1615 servare
1256 1567 1430 1614 nesciat.

149 1644 306 1699 Multi,
338 1645 542 1707 inquam,
568 1644 664 1690 sunt
683 1680 696 1703 ‚
717 1646 886 1701 Lucili,
923 1645 999 1709 qui
1018 1661 1109 1691 non
1137 1645 1331 1699 donant,
1358 1644 1429 1689 sed

149 1717 400 1778 proiiciunt.
432 1733 522 1762 non
558 1733 680 1763 voco
705 1734 790 1781 ego
815 1719 1035 1765 liberalem
1051 1750 1065 1773 ‚
1099 1717 1310 1780 pecuniae
1331 1717 1430 1763 suae

147 1789 315 1834 iratum.
367 1788 565 1835 Imitatur
599 1789 856 1856 negligentia
890 1788 1137 1835 facilitatem
1158 1821 1173 1843 ‚
1214 1788 1431 1835 temeritas

150 1859 466 1907 fortitudinem.
495 1861 616 1906 Haec
640 1877 722 1907 nos
740 1861 975 1908 similitudo
1001 1861 1147 1925 coegit
1172 1860 1394 1906 attendere
1414 1891 1430 1914 ,

98 1980 103 1991 Ι
149 1946 191 1980 et
218 1934 476 1998 distinguere
498 1933 638 1996 specie
659 1934 837 1996 quidem
859 1934 1004 1981 vicina
1019 1970 1032 1989 ,
1058 1951 1105 1981 re
1129 1946 1273 1980 autem
1295 1933 1431 1996 pluri·

151 2025 272 2054 mum
318 2009 432 2055 inter
474 2007 515 2055 se
551 2008 803 2055 diffidentia.
844 2010 966 2056 Dum
1001 2009 1286 2056 observamus
1321 2024 1433 2066 e05‚

150 2097 262 2142 quos
287 2080 470 2144 insignes
497 2080 720 2144 egregium
746 2097 860 2143 opus
882 2079 1072 2138 fecerat,
1103 2080 1330 2142 coepimus
1353 2097 1430 2125 an-

151 2168 305 2199 notare
326 2189 339 2210 ,
365 2154 462 2216 quis
494 2171 587 2201 rem
621 2154 809 2217 aliquam
840 2154 1053 2217 generoso
1086 2154 1237 2198 animo
1271 2152 1431 2198 feciffet

153 2237 194 2270 et
215 2240 374 2286 magno
392 2225 585 2287 impetu,
612 2227 683 2273 sed
705 2227 848 2273 semel.
884 2227 1012 2273 Hunc
1032 2226 1222 2272 vidimus
1248 2225 1292 2270 in
1314 2225 1430 2272 bello

149 2297 311 2344 fortem
328 2333 342 2355 ,
361 2297 406 2343 in
427 2298 529 2345 foro
554 2299 782 2354 timidum3
813 2296 1008 2345 animose
1037 2311 1334 2361 paupertatem
1365 2298 1430 2344 fe-

151 2382 317 2417 rentem
336 2408 349 2429 ‚
387 2371 609 2418 humiliter
636 2371 891 2418 infamiam:
927 2371 1085 2419 faf’mm
1123 2372 1396 2420 laudavimus
1415 2408 1431 2431 ,

153 2444 465 2492 contemfimus
484 2443 642 2501 virum.
674 2443 819 2490 Alium
837 2443 1029 2491 vidimus
1045 2444 1246 2493 adversus
1264 2444 1430 2492 amicos
