1730 2870
259 106 352 170 2953
524 111 576 157 L.
617 100 909 155 ANNAEI
951 110 1291 157 SENECAE

253 231 334 262 cur
349 215 478 262 turbo
497 214 583 261 fiat.
611 215 801 262 Evenire
825 215 869 261 in
887 214 1138 263 fluminibus
1160 216 1271 263 solet
1287 249 1301 272 ‚
1318 227 1385 274 ut,
1402 233 1534 280 quam

253 287 330 334 diu
358 288 445 333 fine
471 286 793 350 impedimento
818 285 1024 333 feruntur
1046 323 1060 345 ,
1086 288 1267 350 simplex
1296 301 1338 336 et
1367 290 1538 336 rectum

251 358 337 405 illis
363 359 444 405 iter
473 359 550 404 fit:
582 359 658 404 ubi
677 359 900 405 incurrere
920 358 964 405 in
985 359 1164 423 aliquod
1188 361 1335 408 saxum
1356 362 1409 407 ad
1428 362 1538 408 latus

250 433 372 495 ripae
397 432 656 494 prominens
678 465 693 488 ,
717 447 1055 495 retorqueantur
1070 468 1083 490 ‚
1105 445 1147 480 et
1166 434 1209 479 in
1234 436 1387 482 orbem
1409 449 1539 498 aquas

251 505 339 552 fine
363 506 483 552 exitu
512 504 686 553 flectant
704 538 719 563 ‚
740 506 796 551 ita
817 518 862 552 ut
886 507 1162 556 circumlatae
1191 507 1235 553 in
1264 508 1304 553 se
1332 507 1539 553 sorbean-

248 588 346 636 tur,
369 594 412 625 et
430 580 647 627 vorticem
677 579 875 626 efficiant.
914 579 984 625 sic
1011 592 1196 634 ventus,
1230 580 1437 642 quamdiu
1468 578 1538 625 ni-

248 652 309 699 hil
330 652 524 711 obstitit,
546 654 663 700 vires
686 654 778 700 suas
796 652 1006 699 effundit.
1031 653 1120 700 Ubi
1147 653 1298 715 aliquo
1319 669 1538 715 promon-

249 726 371 772 torio
401 727 672 788 repercussus
700 727 761 774 est
779 762 792 783 ,
811 738 883 772 aut
908 726 955 772 vi
983 725 1187 772 locorum
1215 725 1470 772 coeuntium
1492 726 1539 772 in

249 799 445 846 canalem
465 800 687 847 devexum
709 815 976 862 tenuemque
996 799 1225 846 collectus:
1252 798 1416 860 saepius
1434 798 1475 844 in
1497 799 1538 845 se

248 872 482 920 volutatur
500 908 513 929 ,
535 872 805 935 similemque
837 872 917 918 illis
931 904 945 927 ,
966 888 1071 935 quas
1102 871 1292 917 diximus
1312 870 1539 927 converti,

251 944 375 1008 aquis
408 945 510 992 facit
546 943 787 993 vorticem.
833 946 918 993 Hic
957 957 1111 993 ventus
1148 945 1464 1001 circumactus,
1494 955 1538 991 et

249 1017 437 1064 eundem
473 1018 669 1065 ambiens
715 1019 893 1074 locum,
920 1032 964 1065 et
992 1018 1034 1064 se
1062 1016 1152 1079 ipsa
1185 1016 1400 1079 vertigine
1431 1033 1541 1062 con-

250 1090 388 1137 citans
407 1125 419 1146 ‚
445 1091 579 1137 turbo
611 1091 685 1136 est.
736 1091 828 1151 Qui
859 1091 889 1137 s1
917 1091 1158 1153 pugnacior
1186 1088 1268 1147 est,
1299 1105 1349 1135 ac
1376 1089 1539 1137 diutius

249 1162 504 1219 volutatur,
534 1162 834 1210 inflammatur
861 1199 875 1221 ,
909 1177 952 1210 et
990 1163 1123 1209 efficit
1170 1179 1299 1224 quem
1337 1168 1539 1222 πρηστῆρα

249 1235 413 1282 Graeci
436 1247 615 1282 vocant.
648 1236 734 1282 Hic
762 1236 822 1281 est
847 1235 998 1298 igneus
1019 1235 1162 1281 turbo.
1201 1235 1258 1280 Hi
1276 1234 1369 1280 fere
1386 1233 1540 1278 omnia

248 1310 442 1372 pericula
467 1310 588 1356 venti
609 1310 753 1373 erupti
771 1311 824 1356 de
845 1311 1030 1356 nubiLus
1053 1309 1274 1372 produnt,
1294 1307 1451 1371 quibus
1469 1323 1536 1352 ar-

248 1394 469 1429 mamenta
507 1382 758 1445 rapiantur,
788 1396 831 1429 et
860 1395 977 1430 totae
1007 1397 1142 1429 naves
1170 1380 1214 1426 in
1244 1380 1423 1427 sublime
1451 1379 1540 1426 tol-

245 1455 402 1502 lantur.
433 1456 683 1502 Etiamnum
708 1456 888 1518 quidam
909 1457 1033 1503 venti
1059 1454 1255 1502 diversos
1273 1472 1326 1501 ex
1349 1454 1389 1500 se
1407 1470 1541 1516 gene-

246 1537 373 1584 rant,
395 1538 439 1573 et
459 1526 690 1588 impulsum
708 1528 806 1573 aera
823 1528 868 1573 in
889 1528 989 1574 alias
1015 1543 1194 1590 quoque
1213 1542 1355 1587 partes
1369 1561 1382 1582 ‚
1402 1542 1538 1589 quam

243 1596 291 1644 in
327 1615 431 1662 quas
459 1598 723 1646 inclinavere
746 1635 760 1655 ,
793 1599 1059 1665 dispergunt.
1108 1599 1216 1645 Illud
1252 1614 1432 1661 quoque
1468 1598 1538 1645 di-

246 1677 344 1718 cam
360 1707 372 1729 ,
396 1673 516 1735 quod
539 1672 648 1718 mihi
671 1674 893 1732 occurrit,
912 1672 1287 1737 quemadmodum
1307 1671 1542 1730 stillicidia,

246 1745 455 1808 quamvis
493 1746 580 1793 iam
608 1747 820 1794 inclinent
851 1748 893 1794 se
921 1760 963 1794 et
989 1748 1213 1802 labantur,
1242 1746 1440 1792 nondum
1470 1757 1539 1791 ta-

247 1836 353 1865 men
385 1818 570 1866 effecere
600 1819 790 1882 lapsum,
821 1820 890 1866 sed
920 1820 995 1866 ubi
1018 1820 1139 1882 plura
1169 1817 1314 1865 coiere
1338 1830 1381 1864 et
1411 1817 1539 1864 turba

249 1891 366 1938 vires
384 1892 525 1949 dedit,
546 1904 648 1939 tunc
673 1891 812 1940 fluere
833 1909 876 1940 et
897 1893 960 1939 ire
984 1893 1189 1939 dicuntur
1208 1908 1219 1935 :
1247 1890 1303 1937 fic
1325 1891 1540 1952 quamdiu,

244 1963 368 2011 leves
397 1966 495 2011 sunt
521 1964 632 2012 a‘eris
662 1978 833 2023 motus,
863 1965 1009 2029 agitati
1042 1965 1234 2028 pluribus
1264 1963 1399 2018 locis,
1421 1979 1538 2009 non-

245 2038 352 2083 dum
379 2049 538 2085 ventus
573 2037 664 2092 est;
698 2049 804 2086 tunc
840 2039 923 2085 effe
952 2037 1133 2100 incipit,
1160 2054 1259 2085 cum
1295 2052 1449 2082 omnes
1481 2035 1538 2094 il-

244 2109 314 2156 los
346 2109 547 2166 miscuit,
581 2121 624 2157 et
651 2111 695 2156 in
720 2129 856 2158 unum
892 2113 1104 2174 impetum
1139 2111 1335 2158 contulit.
1397 2110 1535 2172 Spiri-

243 2196 339 2230 tum
378 2201 402 2230 a
443 2199 582 2233 vento
621 2187 780 2233 modus
823 2186 1001 2248 separat.
1067 2186 1376 2234 vehementior
1414 2184 1542 2231 enim.

232 2256 424 2318 ispi-situs
453 2274 611 2307 ventus
639 2257 736 2317 est,
766 2260 962 2308 invicem
994 2260 1167 2324 spiritus
1202 2258 1360 2308 leviter
1395 2256 1538 2305 fluens

250 2344 338 2400 aer.
1255 2388 1272 2404 ν

312 2405 436 2458 XIV.
486 2408 700 2472 Repetam
740 2424 859 2457 nunc
889 2408 1014 2473 quod
1045 2406 1091 2454 in
1121 2405 1269 2471 primo
1310 2403 1500 2453 dixeram
1520 2438 1536 2465 ,
