1730 2870
513 138 1096 185 EPISTOLAE.
1389 159 1441 204 17

170 256 233 291 tes
267 243 576 307 affidentesque
608 257 680 290 aut
709 244 956 301 contineas,
988 258 1064 290 aut
1095 245 1340 307 exprimas:
1366 265 1446 294 nec

172 318 353 373 cessam,
383 333 462 363 nec
494 316 632 362 fluunt
659 333 851 378 unquam
872 331 959 362 tam
979 317 1160 378 turpiter
1175 352 1187 374 ,
1208 335 1334 379 quam
1364 320 1444 365 fin-

170 401 340 451 guntur.
371 389 479 433 Eant
509 384 577 432 sua
605 387 759 448 sponte
783 404 792 432 :
821 389 884 434 ire
906 401 1051 434 autem
1073 388 1246 450 possunt
1269 390 1447 450 placidis

173 478 301 525 atque
336 460 604 523 compositis.
641 462 777 522 Saepe
811 457 925 507 salva
954 462 1156 524 sapientis
1191 464 1447 509 auctoritate

170 534 410 589 fluxerunt,
430 547 553 580 tanto
580 548 954 595 temperamento,
983 550 1029 582 ut
1048 536 1128 581 iliis
1147 553 1225 582 nec
1246 537 1449 582 humani-2

172 622 236 653 tas
249 643 261 664 ‚
283 623 362 653 nec
379 606 564 669 dignitas
583 607 752 652 deesset.
785 607 926 663 Licet,
945 607 1121 668 inquam
1140 643 1153 663 ,
1172 622 1346 653 naturae
1371 607 1452 653 ob-.

174 678 320 747 sequi,
354 677 567 741 gravitate
603 677 782 722 servata.
830 677 934 722 Vidi
969 694 1054 739 ego
1086 677 1130 722 in
1161 676 1317 723 funere
1344 677 1448 723 suo-

175 769 271 797 rum
314 751 531 798 verendos
547 786 559 804 ‚
586 749 626 794 in
658 767 850 812 quorum
877 766 956 795 ore
974 767 1100 795 amor
1116 750 1362 809 eminebat,
1382 769 1450 796 re*

175 841 296 871 mota
322 824 446 870 omni
483 823 720 886 lugentium
756 824 891 869 scena.
924 823 1045 869 Nihil
1077 837 1195 875 erat,
1221 824 1294 869 nifi
1323 827 1446 887 quod

175 897 288 944 veris
317 897 496 942 (labatur
527 895 766 941 affectibus.
811 895 882 940 Est
908 895 1064 959 aliquis
1092 909 1135 942 et
1163 897 1337 942 dolendi
1369 898 1450 943 de-

176 987 268 1017 cor.
295 970 368 1015 hic
387 969 567 1030 stipienti
586 967 820 1014 servandus
843 967 929 1014 est:
949 982 992 1014 et
1011 969 1382 1031 quemadmodum
1402 971 1449 1015 in

176 1043 328 1090 ceteris
347 1041 500 1098 rebus,
529 1040 585 1087 ita
617 1054 659 1086 et
681 1039 726 1084 in
757 1038 947 1086 lacrimis
975 1039 1139 1102 aliquid
1171 1039 1230 1085 sat
1258 1039 1329 1086 est.
1362 1041 1450 1085 Im-

177 1114 455 1178 prudentium
484 1124 530 1159 ut
551 1112 708 1176 gaudia
723 1147 735 1168 ‚
762 1111 819 1157 fic
843 1112 1017 1158 dolores
1040 1113 1327 1159 exundavere.
1356 1115 1449 1159 Aeo

178 1202 268 1250 quo
284 1184 433 1231 animo
454 1185 610 1247 excipe
635 1183 874 1231 necessaria.
906 1182 1028 1244 Quid
1047 1183 1323 1240 incredibile,
1346 1187 1451 1248 quid

177 1275 347 1305 novum
379 1258 558 1305 evenit?
579 1275 707 1319 quam
736 1256 884 1303 multis
905 1274 1005 1303 cum
1028 1257 1215 1304 maxime
1238 1257 1364 1306 funus
1385 1260 1453 1306 lo-

178 1333 331 1381 catur?
367 1350 496 1393 quam
528 1332 673 1378 multis
700 1331 849 1379 vitalia
878 1331 1123 1378 eruuntur?
1161 1348 1293 1394 quam
1327 1333 1452 1381 multi
1487 1340 1495 1354 *

179 1406 275 1469 post
303 1407 464 1451 lucium
489 1420 612 1451 tuum
644 1404 826 1467 lugent?
867 1403 1056 1464 Quoties
1083 1405 1346 1467 cogitaveris
1373 1423 1452 1468 pu-

178 1496 302 1528 erum
324 1478 474 1535 fuiffe,
497 1478 645 1541 cogita
667 1490 710 1524 et
726 1476 978 1531 hominem,
1005 1477 1075 1522 cui
1096 1477 1201 1522 nihil
1224 1479 1329 1525 certi
1349 1495 1453 1540 pro·-

179 1552 399 1608 mittatur‚
430 1566 561 1613 quem
591 1548 768 1595 fortuna
794 1564 885 1594 non
905 1549 1055 1611 utique
1084 1549 1281 1609 perducit
1305 1551 1358 1596 ad
1386 1551 1452 1597 se-

181 1616 396 1670 nectutem
415 1640 425 1668 :
447 1622 562 1669 unde
582 1621 724 1669 visum
743 1619 828 1676 est,
857 1620 1049 1668 dimittit.
1074 1622 1280 1668 Ceterum
1305 1623 1358 1669 de
1377 1623 1455 1670 illo

178 1694 428 1756 frequenter
444 1692 624 1757 loquere
639 1729 652 1750 ,
674 1706 718 1740 et
736 1691 998 1739 memoriam
1015 1691 1131 1749 eius,
1150 1706 1355 1755 quantum
1374 1712 1455 1758 po·

183 1780 270 1825 tes,
293 1767 461 1813 celebra
479 1783 488 1811 :
509 1782 617 1829 quae
638 1766 692 1811 ad
715 1778 758 1812 te
783 1765 950 1828 saepius
967 1777 1233 1823 revertetur,
1255 1765 1286 1811 fi
1304 1767 1384 1813 erit
1402 1767 1458 1812 (i-

185 1850 238 1887 ne'
273 1840 504 1886 acerbitate
538 1845 735 1885 ventura.
790 1841 936 1884 Nemo
972 1838 1088 1884 enim
1128 1838 1457 1888 libentervtristi

185 1912 465 1958 conversatur
477 1947 489 1968 ,
504 1912 663 1957 nedum
685 1909 890 1957 tristitiae.
909 1911 952 1956 Si
973 1926 1084 1973 quos
1099 1909 1319 1956 sermones
1336 1910 1426 1957 eius
1441 1945 1458 1967 ,

183 1983 213 2030 fi
242 2000 354 2047 quos
382 1983 584 2047 quamvis
612 1984 785 2046 parvuli
817 1984 944 2029 iocos
979 2000 1079 2029 cum
1118 1983 1344 2045 voluptate
1375 2000 1456 2029 au-

183 2059 349 2113 dieras,
375 2057 536 2121 saepius
565 2071 744 2120 repete:
778 2057 967 2120 potuiffe
993 2056 1116 2102 illum
1145 2056 1327 2117 implere
1361 2056 1457 2119 spes

181 2144 272 2178 tuas
292 2164 306 2186 ‚
341 2147 446 2194 quas
471 2142 646 2193 paterna
675 2146 821 2176 mente
849 2145 1142 2191 conceperas,
1170 2131 1370 2176 audacter
1393 2128 1459 2175 af-

184 2202 324 2251 firma.
348 2200 563 2250 Oblivisci
584 2200 762 2265 quidem
780 2202 956 2249 suorum
974 2237 987 2258 ‚
1005 2218 1054 2248 ac
1070 2201 1330 2248 memoriam
1350 2217 1457 2248 cum

181 2275 444 2339 corporibus
455 2271 627 2329 efferre,
642 2286 684 2321 et
696 2268 939 2326 effusissime
961 2271 1089 2330 flere,
1102 2272 1340 2318 meminiffe
1354 2289 1458 2335 par.-

178 2349 369 2406 ciffime‚
389 2346 609 2393 inhumani
632 2346 764 2393 animi
785 2345 859 2394 est.
891 2346 960 2393 sic
986 2362 1088 2392 aves
1103 2377 1117 2401 ,
1146 2342 1201 2392 sic
1224 2343 1341 2391 ferae
1360 2342 1457 2391 foe-

177 2433 245 2468 tus
265 2422 364 2467 suos
395 2419 576 2482 diligunt
608 2436 620 2465 ε
650 2434 836 2482 quarum
865 2409 1110 2467 coiicitatus
1139 2416 1201 2466 est
1233 2433 1387 2477 amor,
1412 2432 1456 2466 et

239 2494 287 2540 L.
313 2497 435 2540 Ana.
463 2496 631 2538 Sen'eca.
666 2495 763 2536 Vol.
789 2492 816 2535 I
820 2494 875 2537 V.
1197 2487 1231 2534 Β
