1730 2870
239 168 300 228 76
465 167 513 213 L.
567 169 871 215 ANNAEl
927 170 1287 217 SENECAE

505 298 979 344 EPISTOLA
1062 297 1257 345 CXII.

242 422 445 482 Desperat
484 426 530 468 de
575 423 711 468 amico
749 422 1006 482 reformando
1026 459 1041 482 ‚
1083 442 1205 472 vetere
1234 443 1437 474 annorum
1474 425 1519 473 δ’

775 511 984 541 vztzorum.

247 597 352 714 C
380 676 534 710 UP10
574 664 820 711 mehercule
851 665 1043 712 amicum
1073 678 1198 711 tuum
1227 665 1440 726 formari,
1472 681 1522 716 ut

240 736 477 793 defiderzs,
494 750 535 782 et
555 737 713 782 instinu
735 755 745 782 :
770 737 840 783 seq
864 739 991 784 vestrde
1015 739 1148 785 durus
1168 739 1362 798 capitur,
1379 740 1520 786 immo

240 809 417 869 potius,
440 810 562 869 quod
586 811 644 853 est
666 810 886 855 molestius
902 846 914 866 ‚
938 812 1065 856 valde
1091 811 1237 857 mollis
1258 812 1455 872 capitur,
1480 823 1523 859 et

241 880 556 926 consuetudme
590 881 697 928 mala
726 900 775 928 ac
808 884 972 929 ‹¹:urina
1009 882 1181 930 finitus.
1210 882 1333 929 Volo
1361 882 1440 929 tibi
1468 901 1524 931 ex

241 952 394 997 nostro
418 952 603 999 artificio
621 955 873 1015 exemplum
901 956 1076 1002 referre.
1095 955 1198 1000 Non
1221 954 1441 1017 quaelibet
1461 955 1524 1000 in-

242 1024 440 1070 firionem
474 1026 572 1071 vnis
600 1027 771 1087 patitur.
804 1025 834 1070 si
862 1039 986 1077 vetus
1015 1041 1058 1073 et
1078 1027 1203 1073 exesa
1227 1026 1318 1082 est,
1348 1025 1379 1072 fi
1399 1025 1526 1073 infir—

242 1112 313 1141 ma
334 1097 620 1161 gracifflque:
647 1115 720 1144 aut
747 1115 838 1144 1:011
865 1099 1043 1161 re÷„ipiet
1069 1099 1316 1156 surculum,
1346 1112 1417 1145 aut
1435 1114 1531 1144 non-

241 1167 348 1226 alet,
374 1186 455 1215 nec
473 1170 707 1232 applicabit
726 1170 799 1215 fibi
815 1207 828 1228 ,
848 1188 928 1217 nec
945 1171 991 1217 in
1007 1171 1257 1231 qualitatem
1282 1170 1374 1215 eius
1392 1183 1523 1216 natu-

242 1256 425 1301 ramque
447 1241 655 1288 tranfibit.
682 1245 827 1299 imque
852 1242 1037 1289 solemus
1062 1241 1187 1303 supra
1207 1255 1367 1286 terram
1398 1258 1527 1303 praem

242 1309 387 1356 cidere
405 1328 417 1355 :
445 1326 520 1367 ut,
541 1310 570 1356 fi
593 1329 683 1357 non
698 1312 972 1374 responderit
987 1350 1000 1371 ‚
1021 1312 1173 1359 tentari
1191 1312 1322 1375 poffit
1342 1312 1529 1361 secunda

243 1381 449 1442 fortuna,
480 1397 523 1431 et
557 1385 716 1431 iterum
756 1387 936 1449 repetita
971 1386 1081 1432 infra
1116 1400 1274 1432 terram
1305 1385 1529 1436 inseratur.

241 1455 329 1501 Hic
350 1457 404 1502 de
425 1474 516 1520 quo
536 1458 684 1504 scribis
698 1472 740 1506 eat
757 1459 935 1505 mandas
950 1495 962 1516 ,
978 1476 1068 1505 non
1092 1459 1222 1505 habet
1243 1458 1369 1505 vires.
1388 1458 1530 1504 indul-

242 1530 291 1575 fit
313 1531 430 1577 vitiis
451 1548 461 1576 :
481 1531 604 1577 fimul
631 1548 673 1578 et
694 1533 931 1590 emarcuit,
950 1545 993 1579 et
1013 1533 1224 1580 induruit.
1261 1533 1369 1579 Non
1387 1532 1531 1595 potest

243 1604 436 1665 recipere
462 1604 677 1652 rationem
695 1641 709 1664 ,
740 1622 833 1652 non
864 1605 1006 1668 potest
1025 1605 1205 1652 nutrire.
1235 1610 1292 1651 At
1321 1606 1441 1667 cupit
1459 1605 1530 1668 ip-

242 1676 297 1722 sc.
329 1677 432 1731 Noli
456 1679 651 1726 credere.
672 1695 762 1725 non
792 1677 897 1724 dico
922 1679 1043 1725 illum
1071 1677 1246 1724 mentiri
1271 1678 1347 1724 tibi
1370 1695 1381 1724 ε
1409 1691 1531 1740 putat

245 1750 288 1796 se
317 1767 491 1812 cupere.
519 1752 804 1799 Stomachum
832 1751 891 1798 illi
912 1751 1014 1799 fecit
1038 1752 1239 1798 luxuria:
1262 1751 1354 1799 cito
1383 1764 1535 1799 tamen>

244 1841 344 1871 cum
366 1825 435 1871 illa
460 1826 619 1873 redibit
647 1827 691 1873 in
719 1825 917 1890 gratiam.
950 1826 1032 1872 Sed
1051 1825 1157 1872 dicit
1181 1825 1223 1873 se
1249 1824 1416 1872 offendi
1439 1825 1530 1874 vita

244 1899 329 1944 sua.
358 1899 464 1944 Non
484 1897 746 1963 negaverim.
766 1899 861 1963 quis
889 1899 1004 1945 enim
1027 1915 1117 1945 non
1147 1898 1420 1945 offenditur?
1442 1899 1528 1946 ho-

243 1971 380 2017 mines
399 1971 535 2019 vitam
560 1973 674 2020 suam
695 1984 738 2020 et
756 1982 902 2019 amant
921 1970 1045 2017 fimul
1064 2005 1078 2026 ‚
1107 1982 1150 2017 et
1178 1970 1378 2017 oderunt.
1397 1970 1527 2018 Tunc

244 2044 388 2106 itaque
414 2046 467 2091 de
488 2043 565 2090 '1110
592 2045 777 2094 feremus
800 2046 1076 2104 sententiam,
1105 2063 1207 2093 cum
1236 2044 1369 2094 fidem
1400 2045 1529 2093 nobis

243 2117 419 2171 fecerit,
450 2118 633 2166 invisam
664 2120 750 2167 iam
778 2119 855 2167 fibi
887 2119 972 2167 effe
1007 2119 1235 2167 luxuriam.
1294 2136 1410 2167 nunc
1445 2119 1537 2166 ΞΙΠΞ,

247 2189 358 2235 male
386 2190 609 2240 convenit.
