1730 2870
531 167 1124 215 EPISTOLAE.
1405 186 1464 231 37

475 314 947 360 EP1s-roLA
1029 311 1180 360 CIV.

185 462 260 505 De
278 459 561 504 invaletudine
568 457 653 517 sua
669 491 681 514 ,
712 460 759 502 de
786 475 880 503 cura
901 454 944 502 δ’
964 457 1131 502 caritate
1160 457 1206 500 in
1227 456 1274 516 se}
1302 457 1462 503 uxoris.

253 535 404 578 Locum
413 531 461 590 se
480 529 668 594 mumffi,
690 545 735 575 ut
751 544 987 575 recrearetur
1001 547 1017 573 .·
1039 526 1081 574 δ’
1103 529 1201 572 hinc
1216 530 1261 573 de
1280 529 1463 590 Peregri-

251 605 420 649 natione
443 603 718 663 pulcherrima
753 598 984 665 diſjizrtatio.
1019 603 1118 645 Non
1148 598 1217 663 effiz
1246 618 1333 645 eam
1367 618 1394 645 a
1415 599 1466 660 fi

247 679 388 723 utilem
407 713 420 734 ‚
456 678 539 740 nisi
578 678 723 721 animo
755 679 853 721 talis
889 676 1067 737 ffcitur.
1102 677 1178 719 Ille
1210 677 1463 734 emendetur,

246 747 416 813 affiflus
449 752 676 794 recidantur
697 764 713 793 ‚⁴
743 751 883 794 omnia
912 764 1011 793 tunc
1038 750 1127 792 loca
1159 744 1201 792 δ’
1219 748 1362 813 status
1391 750 1462 793 iu-

191 844 195 849 ‘
246 824 395 868 cunda.
416 823 692 883 Peregrinatio
709 823 834 866 etiarn
853 823 939 866 alia
952 822 1228 880 pulcherrirna
1249 852 1264 875 ,
1281 823 1338 865 ad
1350 820 1461 879 pris-'-

245 913 312 941 cos
350 893 392 940 G‘
424 914 597 958 magnos
631 897 744 941 viros
782 897 860 951 ire,
911 896 1006 940 illos
1036 895 1282 956 cogitatione
1310 894 1461 939 intueri

242 984 364 1028 atque
381 970 554 1014 imitari.
575 970 671 1014 Hoc
689 970 796 1014 vitia
816 971 948 1026 tollit,
964 969 1132 1014 virtutes
1153 969 1297 1029 inserit
1311 985 1327 1013 .·
1344 983 1462 1030 atque

244 1043 342 1107 istuc
361 1045 563 1088 Lucilium
593 1057 727 1090 vocat.

180 1149 288 1262 IN
317 1214 644 1259 Nomentanum
663 1227 808 1260 meum
833 1213 952 1275 fugi,
971 1212 1076 1276 quid
1101 1211 1248 1275 putas?
1270 1213 1418 1259 urbem
1437 1213 1458 1261 ἓ

175 1286 317 1333 immo
345 1285 538 1340 febrem,
561 1300 604 1334 et
630 1286 809 1349 quidem
842 1286 1151 1347 surrepentem.
1171 1287 1256 1331 Iam
1280 1302 1457 1332 manum

175 1359 284 1405 mihi
325 1359 529 1406 iniecerat
560 1377 572 1406 ε
611 1359 811 1421 protinus
850 1359 994 1421 itaque
1025 1359 1166 1421 parari
1200 1360 1456 1406 vehiculum

174 1430 294 1488 iuffi,
325 1430 513 1477 Paullina
538 1448 634 1478 mea
654 1432 879 1477 retinente.
913 1431 1109 1477 Medicus
1136 1430 1257 1476 initia
1283 1431 1366 1477 ess'e
1386 1432 1456 1476 di-

175 1504 322 1559 cebat,
349 1503 480 1549 motis
508 1502 629 1550 venis
646 1538 659 1560 ‚
687 1502 760 1549 sed
794 1502 966 1550 incertis
985 1539 997 1560 ‚
1021 1514 1064 1549 et
1094 1503 1328 1553 naturalem
1356 1518 1452 1549 tui·-

174 1575 377 1622 bantibus
411 1575 607 1621 modum.
640 1575 766 1621 Exire
797 1575 1091 1637 perseveravi.
1125 1576 1233 1622 Illud
1266 1576 1377 1621 mihi
1408 1575 1454 1622 in

174 1665 252 1695 ore
280 1663 371 1695 erat
401 1648 572 1694 domini
603 1649 689 1695 mei
714 1648 962 1696 Gallionis:
991 1649 1066 1711 qui
1097 1665 1196 1695 cum
1224 1649 1268 1694 in
1290 1648 1454 1695 Achaia
1483 1669 1487 1671 ’

172 1721 339 1768 febrem
370 1720 526 1766 habere
549 1721 780 1781 coepisset,
800 1721 1001 1781 protinus
1022 1738 1179 1770 navem
1204 1722 1453 1778 adscendit,

167 1794 391 1841 clamitans
416 1809 505 1838 non
532 1794 733 1855 corporis
757 1793 843 1840 effe
859 1828 872 1848 ‚
899 1793 970 1840 sed
987 1793 1074 1840 loci
1106 1795 1326 1841 morbum.
1350 1794 1454 1842 Hoc

171 1882 256 1929 ego
293 1865 505 1912 Paullinae
541 1883 662 1912 meae
699 1866 818 1922 dixi,
860 1883 969 1929 quae
1003 1866 1110 1912 mihi
1150 1866 1450 1913 valetudinem

172 1956 311 1984 meam
336 1939 627 1985 commendat.
647 1939 759 1984 Nam
785 1955 885 1984 cum
907 1937 1034 1984 sciam
1056 1938 1252 2000 spiritum
1277 1938 1388 1985 illius
1406 1939 1452 1993 in

170 2027 273 2057 meo
301 2011 412 2057 verti
443 2028 454 2056 :
482 2011 676 2072 incipio,
702 2023 747 2056 ut
776 2010 840 2055 illi
871 2010 1092 2058 consulam
1111 2045 1124 2067 ,
1154 2010 1260 2057 mihi
1290 2010 1450 2058 consu·

168 2084 256 2129 lere
280 2100 290 2128 :
320 2097 363 2129 et
383 2099 484 2128 cum
512 2099 581 2128 me
605 2082 832 2129 fortiorem
859 2084 1052 2129 seneRus
1073 2082 1126 2129 ad
1148 2084 1285 2131 multa
1304 2084 1452 2132 reddi-

170 2155 311 2210 derit,
334 2154 419 2202 hoc
440 2153 701 2201 beneficium
723 2157 869 2202 aetatis
888 2156 1058 2202 amitto.
1075 2157 1212 2203 Venit
1232 2156 1347 2203 enim
1367 2156 1450 2203 mi·

169 2229 213 2275 hi
233 2229 277 2274 in
302 2224 520 2281 mentem3
554 2228 598 2274 in
620 2230 707 2275 hoc
730 2229 828 2276 sene
845 2245 888 2276 et
906 2230 1220 2276 adolescentem
1241 2228 1353 2286 effe,
1378 2229 1450 2277 cui

167 2299 373 2362 parcitur.
400 2301 545 2362 Itaque
571 2300 781 2362 quoniam
811 2316 894 2362 ego
920 2301 973 2346 ab
1005 2299 1074 2346 illa
1100 2317 1191 2346 non
1223 2299 1450 2362 impetro,

166 2386 214 2418 ut
242 2390 311 2419 me
333 2372 494 2419 fortius
518 2388 661 2420 amet:
689 2373 894 2436 impetrat
916 2375 985 2421 illa
1003 2392 1027 2421 a
1054 2391 1123 2422 me
1138 2409 1152 2431 ‚
1182 2386 1230 2420 ut
1249 2391 1319 2421 me
1345 2374 1446 2423 dili-

165 2445 336 2507 gentius
353 2456 511 2495 amem.
528 2445 856 2510 Indulgendum
876 2445 936 2493 est
954 2446 1070 2494 enim
1098 2445 1290 2493 honestis
1310 2444 1444 2495 affec·

1133 2519 1176 2566 C
1209 2535 1235 2580 3
