<?xml version="1.0" encoding="UTF-8"?>
<!DOCTYPE html PUBLIC "-//W3C//DTD XHTML 1.0 Transitional//EN"
    "http://www.w3.org/TR/xhtml1/DTD/xhtml1-transitional.dtd">
<html xmlns="http://www.w3.org/1999/xhtml" xml:lang="en" lang="en">
 <head>
  <title>
</title>
<meta http-equiv="Content-Type" content="text/html;charset=utf-8" />
  <meta name='ocr-system' content='tesseract 3.04.00' />
  <meta name='ocr-capabilities' content='ocr_page ocr_carea ocr_par ocr_line ocrx_word'/>
</head>
<body>
  <div class='ocr_page' id='page_1' title='image "./lannaeisenecaeph04seneuoft_0396.png"; bbox 0 0 1730 2870; ppageno 0'>
   <div class='ocr_carea' id='block_1_1' title="bbox 240 76 1335 178">
    <p class='ocr_par' dir='ltr' id='par_1_1' title="bbox 240 76 1335 178">
     <span class='ocr_line' id='line_1_1' title="bbox 240 76 1335 178; baseline 0.002 -15"><span class='ocrx_word' id='word_1_1' title='bbox 240 129 337 178; x_wconf 78' lang='lat'><strong>390</strong></span> <span class='ocrx_word' id='word_1_2' title='bbox 451 115 501 161; x_wconf 82' lang='lat' dir='ltr'><strong>L.</strong></span> <span class='ocrx_word' id='word_1_3' title='bbox 536 97 763 162; x_wconf 76' lang='lat' dir='ltr'><strong>ANNAEI</strong></span> <span class='ocrx_word' id='word_1_4' title='bbox 796 114 1064 163; x_wconf 74' lang='lat' dir='ltr'><strong>SENECAE</strong></span> <span class='ocrx_word' id='word_1_5' title='bbox 1101 76 1335 165; x_wconf 39' lang='lat' dir='ltr'><strong>mous!</strong></span> 
     </span>
    </p>
   </div>
   <div class='ocr_carea' id='block_1_2' title="bbox 238 219 1577 2402">
    <p class='ocr_par' dir='ltr' id='par_1_2' title="bbox 238 219 1577 2402">
     <span class='ocr_line' id='line_1_2' title="bbox 240 219 1559 291; baseline 0.005 -21"><span class='ocrx_word' id='word_1_6' title='bbox 240 222 383 288; x_wconf 88' lang='lat' dir='ltr'><strong>inquit</strong></span> <span class='ocrx_word' id='word_1_7' title='bbox 411 239 559 273; x_wconf 77' lang='lat' dir='ltr'><strong>voce:</strong></span> <span class='ocrx_word' id='word_1_8' title='bbox 598 223 807 271; x_wconf 85' lang='lat' dir='ltr'><strong>Claudius</strong></span> <span class='ocrx_word' id='word_1_9' title='bbox 827 224 985 272; x_wconf 87' lang='lat' dir='ltr'><strong>Caesar</strong></span> <span class='ocrx_word' id='word_1_10' title='bbox 1004 225 1140 274; x_wconf 87' lang='lat' dir='ltr'><strong>venit.</strong></span> <span class='ocrx_word' id='word_1_11' title='bbox 1165 228 1279 275; x_wconf 89' lang='lat' dir='ltr'><strong>Ecce</strong></span> <span class='ocrx_word' id='word_1_12' title='bbox 1298 228 1526 291; x_wconf 69' lang='lat' dir='ltr'><strong>extemplo</strong></span> <span class='ocrx_word' id='word_1_13' title='bbox 1556 219 1559 229; x_wconf 64' lang='grc'><em>’</em></span> 
     </span>
     <span class='ocr_line' id='line_1_3' title="bbox 240 296 1530 362; baseline 0.002 -20"><span class='ocrx_word' id='word_1_14' title='bbox 240 311 342 346; x_wconf 85' lang='lat' dir='ltr'><strong>cum</strong></span> <span class='ocrx_word' id='word_1_15' title='bbox 363 296 512 360; x_wconf 86' lang='lat' dir='ltr'><strong>plausu</strong></span> <span class='ocrx_word' id='word_1_16' title='bbox 535 296 783 359; x_wconf 88' lang='lat' dir='ltr'><strong>procedunt</strong></span> <span class='ocrx_word' id='word_1_17' title='bbox 808 309 1058 346; x_wconf 87' lang='lat' dir='ltr'><strong>cantantes:</strong></span> <span class='ocrx_word' id='word_1_18' title='bbox 1080 303 1315 362; x_wconf 63' lang='grc' dir='ltr'>Εὑρήκαμεν,</span> <span class='ocrx_word' id='word_1_19' title='bbox 1343 308 1530 362; x_wconf 65' lang='grc' dir='ltr'><strong>συγχαί-</strong></span> 
     </span>
     <span class='ocr_line' id='line_1_4' title="bbox 240 367 1527 434; baseline 0.002 -19"><span class='ocrx_word' id='word_1_20' title='bbox 240 392 369 430; x_wconf 72' lang='grc' dir='ltr'><em>ρωμεν.</em></span> <span class='ocrx_word' id='word_1_21' title='bbox 399 367 487 415; x_wconf 85' lang='lat' dir='ltr'><strong>Hic</strong></span> <span class='ocrx_word' id='word_1_22' title='bbox 514 383 606 414; x_wconf 87' lang='lat' dir='ltr'><strong>erat</strong></span> <span class='ocrx_word' id='word_1_23' title='bbox 637 368 692 415; x_wconf 86' lang='lat' dir='ltr'><strong>C.</strong></span> <span class='ocrx_word' id='word_1_24' title='bbox 723 368 850 416; x_wconf 84' lang='lat' dir='ltr'>Silius</span> <span class='ocrx_word' id='word_1_25' title='bbox 873 370 975 416; x_wconf 90' lang='lat' dir='ltr'><strong>Cos.</strong></span> <span class='ocrx_word' id='word_1_26' title='bbox 1003 371 1132 434; x_wconf 81' lang='lat' dir='ltr'><strong>defig.</strong></span> <span class='ocrx_word' id='word_1_27' title='bbox 1163 371 1311 418; x_wconf 89' lang='lat' dir='ltr'><strong>Iunius</strong></span> <span class='ocrx_word' id='word_1_28' title='bbox 1339 373 1527 418; x_wconf 87' lang='lat' dir='ltr'><strong>Praeto-</strong></span> 
     </span>
     <span class='ocr_line' id='line_1_5' title="bbox 242 439 1527 506; baseline 0.005 -22"><span class='ocrx_word' id='word_1_29' title='bbox 242 439 329 486; x_wconf 84' lang='lat' dir='ltr'><strong>rius</strong></span> <span class='ocrx_word' id='word_1_30' title='bbox 344 476 358 500; x_wconf 89' lang='lat'>‚</span> <span class='ocrx_word' id='word_1_31' title='bbox 384 441 482 488; x_wconf 80' lang='lat' dir='ltr'><strong>Sex.</strong></span> <span class='ocrx_word' id='word_1_32' title='bbox 500 440 673 488; x_wconf 85' lang='lat' dir='ltr'><strong>Trallus</strong></span> <span class='ocrx_word' id='word_1_33' title='bbox 688 477 703 500; x_wconf 90' lang='lat'><strong>,</strong></span> <span class='ocrx_word' id='word_1_34' title='bbox 732 444 791 488; x_wconf 87' lang='grc' dir='ltr'><strong>Μ.</strong></span> <span class='ocrx_word' id='word_1_35' title='bbox 815 441 1000 490; x_wconf 87' lang='lat' dir='ltr'><strong>Helvius</strong></span> <span class='ocrx_word' id='word_1_36' title='bbox 1023 444 1202 506; x_wconf 87' lang='lat' dir='ltr'>Trogus</span> <span class='ocrx_word' id='word_1_37' title='bbox 1220 479 1233 501; x_wconf 90' lang='lat'><strong>,</strong></span> <span class='ocrx_word' id='word_1_38' title='bbox 1258 445 1391 490; x_wconf 79' lang='lat' dir='ltr'><strong>Cotta</strong></span> <span class='ocrx_word' id='word_1_39' title='bbox 1405 445 1527 491; x_wconf 90' lang='lat' dir='ltr'><strong>Tec-</strong></span> 
     </span>
     <span class='ocr_line' id='line_1_6' title="bbox 242 514 1529 580; baseline 0.004 -19"><span class='ocrx_word' id='word_1_40' title='bbox 242 526 310 561; x_wconf 76' lang='lat' dir='ltr'><strong>tus</strong></span> <span class='ocrx_word' id='word_1_41' title='bbox 327 550 340 570; x_wconf 88' lang='lat'><strong>,</strong></span> <span class='ocrx_word' id='word_1_42' title='bbox 361 514 542 569; x_wconf 84' lang='lat' dir='ltr'><strong>Valens,</strong></span> <span class='ocrx_word' id='word_1_43' title='bbox 571 514 749 572; x_wconf 79' lang='lat' dir='ltr'>Fabius,</span> <span class='ocrx_word' id='word_1_44' title='bbox 770 516 879 578; x_wconf 87' lang='lat' dir='ltr'><strong>Equ.</strong></span> <span class='ocrx_word' id='word_1_45' title='bbox 902 517 1035 563; x_wconf 88' lang='lat' dir='ltr'><strong>Rom.</strong></span> <span class='ocrx_word' id='word_1_46' title='bbox 1052 532 1165 580; x_wconf 88' lang='lat' dir='ltr'><strong>quos</strong></span> <span class='ocrx_word' id='word_1_47' title='bbox 1184 516 1407 564; x_wconf 72' lang='lat' dir='ltr'>Narcissus</span> <span class='ocrx_word' id='word_1_48' title='bbox 1425 517 1529 566; x_wconf 71' lang='lat' dir='ltr'><strong>duci</strong></span> 
     </span>
     <span class='ocr_line' id='line_1_7' title="bbox 242 586 1530 639; baseline 0.004 -5"><span class='ocrx_word' id='word_1_49' title='bbox 242 586 430 634; x_wconf 72' lang='lat' dir='ltr'><strong>iufferat.</strong></span> <span class='ocrx_word' id='word_1_50' title='bbox 459 588 634 635; x_wconf 89' lang='lat' dir='ltr'><strong>Medius</strong></span> <span class='ocrx_word' id='word_1_51' title='bbox 665 599 755 635; x_wconf 84' lang='lat' dir='ltr'><strong>erat</strong></span> <span class='ocrx_word' id='word_1_52' title='bbox 775 588 821 634; x_wconf 86' lang='lat' dir='ltr'><strong>in</strong></span> <span class='ocrx_word' id='word_1_53' title='bbox 840 589 922 636; x_wconf 90' lang='lat' dir='ltr'><strong>hac</strong></span> <span class='ocrx_word' id='word_1_54' title='bbox 954 590 1223 637; x_wconf 78' lang='lat' dir='ltr'>cantantium</span> <span class='ocrx_word' id='word_1_55' title='bbox 1252 590 1379 638; x_wconf 80' lang='lat' dir='ltr'><strong>turba</strong></span> <span class='ocrx_word' id='word_1_56' title='bbox 1398 594 1530 639; x_wconf 84' lang='lat' dir='ltr'><strong>Mne·-</strong></span> 
     </span>
     <span class='ocr_line' id='line_1_8' title="bbox 245 658 1532 723; baseline 0.002 -17"><span class='ocrx_word' id='word_1_57' title='bbox 245 659 328 706; x_wconf 86' lang='lat' dir='ltr'><strong>ster</strong></span> <span class='ocrx_word' id='word_1_58' title='bbox 347 658 677 715; x_wconf 80' lang='lat' dir='ltr'><strong>Pantomimus‚</strong></span> <span class='ocrx_word' id='word_1_59' title='bbox 707 676 841 723; x_wconf 86' lang='lat' dir='ltr'><strong>quem</strong></span> <span class='ocrx_word' id='word_1_60' title='bbox 870 661 1078 708; x_wconf 87' lang='lat' dir='ltr'><strong>Claudius</strong></span> <span class='ocrx_word' id='word_1_61' title='bbox 1101 661 1274 709; x_wconf 86' lang='lat' dir='ltr'><strong>decoris</strong></span> <span class='ocrx_word' id='word_1_62' title='bbox 1295 662 1421 708; x_wconf 88' lang='lat' dir='ltr'><strong>causa</strong></span> <span class='ocrx_word' id='word_1_63' title='bbox 1445 663 1532 709; x_wconf 88' lang='lat' dir='ltr'><strong>mi·</strong></span> 
     </span>
     <span class='ocr_line' id='line_1_9' title="bbox 245 724 1536 782; baseline 0.002 -3"><span class='ocrx_word' id='word_1_64' title='bbox 245 748 403 779; x_wconf 87' lang='lat' dir='ltr'><strong>norem</strong></span> <span class='ocrx_word' id='word_1_65' title='bbox 436 731 611 779; x_wconf 80' lang='lat' dir='ltr'><strong>fecerat.</strong></span> <span class='ocrx_word' id='word_1_66' title='bbox 646 732 743 779; x_wconf 90' lang='lat' dir='ltr'><strong>Nec</strong></span> <span class='ocrx_word' id='word_1_67' title='bbox 771 748 863 779; x_wconf 88' lang='lat' dir='ltr'><strong>non</strong></span> <span class='ocrx_word' id='word_1_68' title='bbox 890 724 943 779; x_wconf 85' lang='lat' dir='ltr'><strong>ad</strong></span> <span class='ocrx_word' id='word_1_69' title='bbox 966 733 1235 781; x_wconf 76' lang='lat' dir='ltr'><strong>Messalinam</strong></span> <span class='ocrx_word' id='word_1_70' title='bbox 1257 733 1348 780; x_wconf 86' lang='lat' dir='ltr'><strong>cito</strong></span> <span class='ocrx_word' id='word_1_71' title='bbox 1378 750 1536 782; x_wconf 81' lang='lat' dir='ltr'><strong>rumor</strong></span> 
     </span>
     <span class='ocr_line' id='line_1_10' title="bbox 246 803 1533 868; baseline 0.002 -18"><span class='ocrx_word' id='word_1_72' title='bbox 246 803 523 867; x_wconf 85' lang='lat' dir='ltr'><strong>percrebuit,</strong></span> <span class='ocrx_word' id='word_1_73' title='bbox 542 804 777 850; x_wconf 83' lang='lat' dir='ltr'><strong>Claudium</strong></span> <span class='ocrx_word' id='word_1_74' title='bbox 799 804 978 853; x_wconf 76' lang='lat' dir='ltr'><strong>venisse.</strong></span> <span class='ocrx_word' id='word_1_75' title='bbox 1005 805 1319 867; x_wconf 81' lang='lat' dir='ltr'><strong>Convolarunt</strong></span> <span class='ocrx_word' id='word_1_76' title='bbox 1336 804 1533 868; x_wconf 86' lang='lat' dir='ltr'><strong>primum</strong></span> 
     </span>
     <span class='ocr_line' id='line_1_11' title="bbox 246 875 1535 942; baseline -0.001 -18"><span class='ocrx_word' id='word_1_77' title='bbox 246 877 450 924; x_wconf 83' lang='lat' dir='ltr'><strong>omnium</strong></span> <span class='ocrx_word' id='word_1_78' title='bbox 464 875 636 932; x_wconf 79' lang='lat' dir='ltr'><strong>liberti,</strong></span> <span class='ocrx_word' id='word_1_79' title='bbox 653 876 868 941; x_wconf 80' lang='lat' dir='ltr'><strong>Polybius</strong></span> <span class='ocrx_word' id='word_1_80' title='bbox 882 912 895 934; x_wconf 90' lang='lat'><strong>,</strong></span> <span class='ocrx_word' id='word_1_81' title='bbox 916 880 1112 942; x_wconf 85' lang='lat' dir='ltr'><strong>Myron,</strong></span> <span class='ocrx_word' id='word_1_82' title='bbox 1130 879 1379 939; x_wconf 84' lang='lat' dir='ltr'><strong>Harpocras</strong></span> <span class='ocrx_word' id='word_1_83' title='bbox 1396 912 1408 932; x_wconf 88' lang='lat'><strong>,</strong></span> <span class='ocrx_word' id='word_1_84' title='bbox 1422 877 1535 923; x_wconf 87' lang='lat' dir='ltr'><strong>Am-</strong></span> 
     </span>
     <span class='ocr_line' id='line_1_12' title="bbox 246 949 1534 1014; baseline 0 -18"><span class='ocrx_word' id='word_1_85' title='bbox 246 951 409 1013; x_wconf 86' lang='lat' dir='ltr'><strong>phaeus</strong></span> <span class='ocrx_word' id='word_1_86' title='bbox 426 962 469 996; x_wconf 87' lang='lat' dir='ltr'><strong>et</strong></span> <span class='ocrx_word' id='word_1_87' title='bbox 487 949 800 1007; x_wconf 66' lang='lat' dir='ltr'><strong>Pheronacles,</strong></span> <span class='ocrx_word' id='word_1_88' title='bbox 818 967 931 1013; x_wconf 87' lang='lat' dir='ltr'><strong>quos</strong></span> <span class='ocrx_word' id='word_1_89' title='bbox 950 968 1107 998; x_wconf 88' lang='lat' dir='ltr'><strong>omnes</strong></span> <span class='ocrx_word' id='word_1_90' title='bbox 1120 986 1133 1007; x_wconf 92' lang='lat'>‚</span> <span class='ocrx_word' id='word_1_91' title='bbox 1168 950 1327 997; x_wconf 83' lang='lat' dir='ltr'><strong>necubi</strong></span> <span class='ocrx_word' id='word_1_92' title='bbox 1345 950 1534 1014; x_wconf 79' lang='lat' dir='ltr'><strong>impara-</strong></span> 
     </span>
     <span class='ocr_line' id='line_1_13' title="bbox 247 1022 1536 1087; baseline -0.002 -16"><span class='ocrx_word' id='word_1_93' title='bbox 247 1035 313 1071; x_wconf 86' lang='lat' dir='ltr'><strong>tus</strong></span> <span class='ocrx_word' id='word_1_94' title='bbox 339 1023 471 1080; x_wconf 77' lang='lat' dir='ltr'><strong>effer,</strong></span> <span class='ocrx_word' id='word_1_95' title='bbox 502 1023 790 1086; x_wconf 78' lang='lat' dir='ltr'><strong>praemiserat.</strong></span> <span class='ocrx_word' id='word_1_96' title='bbox 820 1025 995 1071; x_wconf 88' lang='lat' dir='ltr'><strong>Deinde</strong></span> <span class='ocrx_word' id='word_1_97' title='bbox 1015 1022 1222 1087; x_wconf 71' lang='lat' dir='ltr'><strong>praefeffi</strong></span> <span class='ocrx_word' id='word_1_98' title='bbox 1248 1023 1365 1080; x_wconf 90' lang='lat' dir='ltr'><strong>duo,</strong></span> <span class='ocrx_word' id='word_1_99' title='bbox 1398 1022 1536 1070; x_wconf 85' lang='lat' dir='ltr'><strong>Iustus</strong></span> 
     </span>
     <span class='ocr_line' id='line_1_14' title="bbox 247 1095 1538 1160; baseline -0.001 -16"><span class='ocrx_word' id='word_1_100' title='bbox 247 1099 482 1155; x_wconf 88' lang='lat' dir='ltr'><strong>Catonius,</strong></span> <span class='ocrx_word' id='word_1_101' title='bbox 513 1113 557 1144; x_wconf 87' lang='lat' dir='ltr'><strong>et</strong></span> <span class='ocrx_word' id='word_1_102' title='bbox 582 1096 740 1145; x_wconf 86' lang='lat' dir='ltr'><strong>Ruffus</strong></span> <span class='ocrx_word' id='word_1_103' title='bbox 764 1097 963 1160; x_wconf 87' lang='lat' dir='ltr'><strong>Pompeii</strong></span> <span class='ocrx_word' id='word_1_104' title='bbox 995 1100 1034 1144; x_wconf 89' lang='lat' dir='ltr'><strong>F.</strong></span> <span class='ocrx_word' id='word_1_105' title='bbox 1055 1097 1232 1145; x_wconf 82' lang='lat' dir='ltr'><strong>Deinde</strong></span> <span class='ocrx_word' id='word_1_106' title='bbox 1261 1095 1423 1155; x_wconf 83' lang='lat' dir='ltr'><strong>amici,</strong></span> <span class='ocrx_word' id='word_1_107' title='bbox 1457 1098 1538 1143; x_wconf 49' lang='lat' dir='ltr'><strong>Sa*</strong></span> 
     </span>
     <span class='ocr_line' id='line_1_15' title="bbox 247 1169 1540 1235; baseline -0.001 -17"><span class='ocrx_word' id='word_1_108' title='bbox 247 1171 414 1223; x_wconf 87' lang='lat' dir='ltr'><strong>turnius</strong></span> <span class='ocrx_word' id='word_1_109' title='bbox 434 1169 633 1227; x_wconf 85' lang='lat' dir='ltr'><strong>Luscius,</strong></span> <span class='ocrx_word' id='word_1_110' title='bbox 653 1183 696 1218; x_wconf 92' lang='lat' dir='ltr'><strong>et</strong></span> <span class='ocrx_word' id='word_1_111' title='bbox 714 1172 834 1218; x_wconf 88' lang='lat' dir='ltr'><strong>Pedo</strong></span> <span class='ocrx_word' id='word_1_112' title='bbox 854 1172 1117 1235; x_wconf 87' lang='lat' dir='ltr'><strong>Pompeius,</strong></span> <span class='ocrx_word' id='word_1_113' title='bbox 1134 1182 1176 1217; x_wconf 90' lang='lat' dir='ltr'><strong>et</strong></span> <span class='ocrx_word' id='word_1_114' title='bbox 1197 1173 1373 1234; x_wconf 80' lang='lat' dir='ltr'>Lupus,</span> <span class='ocrx_word' id='word_1_115' title='bbox 1390 1173 1432 1220; x_wconf 83' lang='lat' dir='ltr'><strong>et</strong></span> <span class='ocrx_word' id='word_1_116' title='bbox 1451 1172 1540 1218; x_wconf 58' lang='lat' dir='ltr'><strong>Cen</strong></span> 
     </span>
     <span class='ocr_line' id='line_1_16' title="bbox 246 1243 1537 1302; baseline 0 -12"><span class='ocrx_word' id='word_1_117' title='bbox 246 1244 313 1291; x_wconf 85' lang='lat' dir='ltr'><strong>ler</strong></span> <span class='ocrx_word' id='word_1_118' title='bbox 333 1244 529 1302; x_wconf 79' lang='lat' dir='ltr'><strong>Asinius,</strong></span> <span class='ocrx_word' id='word_1_119' title='bbox 554 1244 810 1291; x_wconf 87' lang='lat' dir='ltr'><strong>consulares.</strong></span> <span class='ocrx_word' id='word_1_120' title='bbox 840 1244 1091 1291; x_wconf 83' lang='lat' dir='ltr'><strong>Noviffime</strong></span> <span class='ocrx_word' id='word_1_121' title='bbox 1111 1244 1254 1291; x_wconf 87' lang='lat' dir='ltr'><strong>fratris</strong></span> <span class='ocrx_word' id='word_1_122' title='bbox 1274 1243 1384 1302; x_wconf 88' lang='lat' dir='ltr'><strong>filia,</strong></span> <span class='ocrx_word' id='word_1_123' title='bbox 1411 1245 1537 1290; x_wconf 88' lang='lat' dir='ltr'><strong>soro-</strong></span> 
     </span>
     <span class='ocr_line' id='line_1_17' title="bbox 247 1315 1539 1380; baseline -0.002 -16"><span class='ocrx_word' id='word_1_124' title='bbox 247 1317 306 1364; x_wconf 86' lang='lat' dir='ltr'><strong>ris</strong></span> <span class='ocrx_word' id='word_1_125' title='bbox 332 1315 417 1362; x_wconf 86' lang='lat' dir='ltr'><strong>filia</strong></span> <span class='ocrx_word' id='word_1_126' title='bbox 433 1353 446 1374; x_wconf 90' lang='lat'><strong>‚</strong></span> <span class='ocrx_word' id='word_1_127' title='bbox 476 1332 610 1380; x_wconf 84' lang='lat' dir='ltr'><strong>gener</strong></span> <span class='ocrx_word' id='word_1_128' title='bbox 627 1352 641 1373; x_wconf 87' lang='lat'>‚</span> <span class='ocrx_word' id='word_1_129' title='bbox 659 1316 784 1363; x_wconf 86' lang='lat' dir='ltr'><strong>socer</strong></span> <span class='ocrx_word' id='word_1_130' title='bbox 799 1351 812 1371; x_wconf 89' lang='lat'><em>‚</em></span> <span class='ocrx_word' id='word_1_131' title='bbox 832 1316 1007 1370; x_wconf 76' lang='lat' dir='ltr'><strong>socrus,</strong></span> <span class='ocrx_word' id='word_1_132' title='bbox 1032 1332 1188 1363; x_wconf 88' lang='lat' dir='ltr'><strong>omnes</strong></span> <span class='ocrx_word' id='word_1_133' title='bbox 1209 1316 1333 1378; x_wconf 87' lang='lat' dir='ltr'><strong>plane</strong></span> <span class='ocrx_word' id='word_1_134' title='bbox 1353 1316 1539 1363; x_wconf 79' lang='lat' dir='ltr'><strong>consan-</strong></span> 
     </span>
     <span class='ocr_line' id='line_1_18' title="bbox 247 1389 1542 1454; baseline -0.001 -18"><span class='ocrx_word' id='word_1_135' title='bbox 247 1389 406 1454; x_wconf 81' lang='lat' dir='ltr'><strong>guinei.</strong></span> <span class='ocrx_word' id='word_1_136' title='bbox 450 1392 505 1436; x_wconf 86' lang='lat' dir='ltr'><strong>Et</strong></span> <span class='ocrx_word' id='word_1_137' title='bbox 536 1389 708 1452; x_wconf 81' lang='lat' dir='ltr'><strong>agmine</strong></span> <span class='ocrx_word' id='word_1_138' title='bbox 746 1389 859 1436; x_wconf 63' lang='lat' dir='ltr'><strong>fasto</strong></span> <span class='ocrx_word' id='word_1_139' title='bbox 893 1389 1086 1436; x_wconf 79' lang='lat' dir='ltr'><strong>Claudio</strong></span> <span class='ocrx_word' id='word_1_140' title='bbox 1120 1398 1370 1438; x_wconf 85' lang='lat' dir='ltr'><strong>occurrunt.</strong></span> <span class='ocrx_word' id='word_1_141' title='bbox 1406 1389 1542 1448; x_wconf 86' lang='lat' dir='ltr'><strong>Quos</strong></span> 
     </span>
     <span class='ocr_line' id='line_1_19' title="bbox 238 1462 1538 1521; baseline -0.004 -11"><span class='ocrx_word' id='word_1_142' title='bbox 238 1479 349 1521; x_wconf 16' lang='lat' dir='ltr'><strong>rcum</strong></span> <span class='ocrx_word' id='word_1_143' title='bbox 367 1462 543 1510; x_wconf 83' lang='lat' dir='ltr'><strong>vidiffet</strong></span> <span class='ocrx_word' id='word_1_144' title='bbox 562 1462 773 1509; x_wconf 86' lang='lat' dir='ltr'><strong>Claudius</strong></span> <span class='ocrx_word' id='word_1_145' title='bbox 787 1497 800 1518; x_wconf 87' lang='lat'><strong>,</strong></span> <span class='ocrx_word' id='word_1_146' title='bbox 823 1462 1065 1521; x_wconf 76' lang='lat' dir='ltr'><strong>exclamat,</strong></span> <span class='ocrx_word' id='word_1_147' title='bbox 1083 1467 1226 1509; x_wconf 67' lang='grc' dir='ltr'>Πάντα</span> <span class='ocrx_word' id='word_1_148' title='bbox 1250 1468 1374 1519; x_wconf 64' lang='grc' dir='ltr'><em>φίλων</em></span> <span class='ocrx_word' id='word_1_149' title='bbox 1398 1464 1538 1521; x_wconf 63' lang='grc' dir='ltr'><strong>πλίνρη.</strong></span> 
     </span>
     <span class='ocr_line' id='line_1_20' title="bbox 247 1530 1537 1596; baseline -0.003 -15"><span class='ocrx_word' id='word_1_150' title='bbox 247 1535 504 1596; x_wconf 83' lang='lat' dir='ltr'>Quomodo</span> <span class='ocrx_word' id='word_1_151' title='bbox 533 1550 616 1581; x_wconf 88' lang='lat' dir='ltr'><strong>vos</strong></span> <span class='ocrx_word' id='word_1_152' title='bbox 634 1534 948 1582; x_wconf 67' lang='lat' dir='ltr'><strong>huc&#39;venistis?</strong></span> <span class='ocrx_word' id='word_1_153' title='bbox 974 1534 1094 1579; x_wconf 86' lang='lat' dir='ltr'><strong>Tum</strong></span> <span class='ocrx_word' id='word_1_154' title='bbox 1124 1532 1243 1580; x_wconf 89' lang='lat' dir='ltr'><strong>Pedo</strong></span> <span class='ocrx_word' id='word_1_155' title='bbox 1268 1530 1504 1593; x_wconf 87' lang='lat' dir='ltr'><strong>Pompeius</strong></span> <span class='ocrx_word' id='word_1_156' title='bbox 1523 1549 1537 1577; x_wconf 69' lang='grc' dir='ltr'>ε</span> 
     </span>
     <span class='ocr_line' id='line_1_21' title="bbox 247 1602 1537 1669; baseline -0.004 -14"><span class='ocrx_word' id='word_1_157' title='bbox 247 1608 374 1669; x_wconf 79' lang='lat' dir='ltr'><strong>Quid</strong></span> <span class='ocrx_word' id='word_1_158' title='bbox 394 1607 502 1654; x_wconf 86' lang='lat' dir='ltr'><strong>dicis</strong></span> <span class='ocrx_word' id='word_1_159' title='bbox 516 1643 530 1666; x_wconf 87' lang='lat'>‚</span> <span class='ocrx_word' id='word_1_160' title='bbox 549 1606 690 1652; x_wconf 87' lang='lat' dir='ltr'><strong>horno</strong></span> <span class='ocrx_word' id='word_1_161' title='bbox 710 1607 1000 1659; x_wconf 71' lang='lat' dir='ltr'><strong>crudelissime</strong></span> <span class='ocrx_word' id='word_1_162' title='bbox 1014 1607 1030 1653; x_wconf 83' lang='lat'>?</span> <span class='ocrx_word' id='word_1_163' title='bbox 1046 1605 1251 1666; x_wconf 79' lang='lat' dir='ltr'><strong>Quaeris,</strong></span> <span class='ocrx_word' id='word_1_164' title='bbox 1272 1602 1537 1667; x_wconf 79' lang='lat' dir='ltr'><strong>quomodo?</strong></span> 
     </span>
     <span class='ocr_line' id='line_1_22' title="bbox 247 1675 1537 1744; baseline -0.007 -15"><span class='ocrx_word' id='word_1_165' title='bbox 247 1683 364 1744; x_wconf 83' lang='lat' dir='ltr'><strong>Quis</strong></span> <span class='ocrx_word' id='word_1_166' title='bbox 399 1681 516 1728; x_wconf 83' lang='lat' dir='ltr'><strong>enim</strong></span> <span class='ocrx_word' id='word_1_167' title='bbox 549 1697 632 1728; x_wconf 89' lang='lat' dir='ltr'><strong>nos</strong></span> <span class='ocrx_word' id='word_1_168' title='bbox 661 1680 768 1728; x_wconf 87' lang='lat' dir='ltr'><strong>alius</strong></span> <span class='ocrx_word' id='word_1_169' title='bbox 803 1681 891 1727; x_wconf 89' lang='lat' dir='ltr'><strong>huc</strong></span> <span class='ocrx_word' id='word_1_170' title='bbox 925 1679 1037 1727; x_wconf 83' lang='lat' dir='ltr'><strong>mifit</strong></span> <span class='ocrx_word' id='word_1_171' title='bbox 1066 1695 1197 1743; x_wconf 87' lang='lat' dir='ltr'><strong>quam</strong></span> <span class='ocrx_word' id='word_1_172' title='bbox 1228 1690 1300 1735; x_wconf 83' lang='lat' dir='ltr'><strong>tu,</strong></span> <span class='ocrx_word' id='word_1_173' title='bbox 1333 1675 1537 1723; x_wconf 87' lang='lat' dir='ltr'><strong>omnium</strong></span> 
     </span>
     <span class='ocr_line' id='line_1_23' title="bbox 248 1748 1535 1814; baseline -0.002 -14"><span class='ocrx_word' id='word_1_174' title='bbox 248 1754 499 1801; x_wconf 83' lang='lat' dir='ltr'><strong>amicorum</strong></span> <span class='ocrx_word' id='word_1_175' title='bbox 532 1753 820 1800; x_wconf 63' lang='lat' dir='ltr'><strong>interfecior?</strong></span> <span class='ocrx_word' id='word_1_176' title='bbox 852 1756 900 1800; x_wconf 80' lang='lat' dir='ltr'><strong>In</strong></span> <span class='ocrx_word' id='word_1_177' title='bbox 929 1753 994 1801; x_wconf 86' lang='lat' dir='ltr'><strong>ius</strong></span> <span class='ocrx_word' id='word_1_178' title='bbox 1027 1769 1203 1801; x_wconf 82' lang='lat' dir='ltr'><strong>eamus:</strong></span> <span class='ocrx_word' id='word_1_179' title='bbox 1236 1767 1320 1814; x_wconf 83' lang='lat' dir='ltr'><strong>ego</strong></span> <span class='ocrx_word' id='word_1_180' title='bbox 1350 1749 1431 1796; x_wconf 85' lang='lat' dir='ltr'><strong>tibi</strong></span> <span class='ocrx_word' id='word_1_181' title='bbox 1464 1748 1535 1797; x_wconf 88' lang='lat' dir='ltr'><strong>hic</strong></span> 
     </span>
     <span class='ocr_line' id='line_1_24' title="bbox 246 1822 1539 1885; baseline -0.004 -10"><span class='ocrx_word' id='word_1_182' title='bbox 246 1828 366 1876; x_wconf 80' lang='lat' dir='ltr'><strong>sellas</strong></span> <span class='ocrx_word' id='word_1_183' title='bbox 385 1827 625 1874; x_wconf 83' lang='lat' dir='ltr'><strong>ostendam.</strong></span> <span class='ocrx_word' id='word_1_184' title='bbox 646 1826 787 1873; x_wconf 85' lang='lat' dir='ltr'><strong>Ducit</strong></span> <span class='ocrx_word' id='word_1_185' title='bbox 805 1826 927 1873; x_wconf 86' lang='lat' dir='ltr'><strong>illum</strong></span> <span class='ocrx_word' id='word_1_186' title='bbox 947 1826 999 1873; x_wconf 89' lang='lat' dir='ltr'><strong>ad</strong></span> <span class='ocrx_word' id='word_1_187' title='bbox 1020 1824 1208 1873; x_wconf 87' lang='lat' dir='ltr'><strong>tribunal</strong></span> <span class='ocrx_word' id='word_1_188' title='bbox 1228 1823 1375 1870; x_wconf 83' lang='lat' dir='ltr'><strong>Aeaci.</strong></span> <span class='ocrx_word' id='word_1_189' title='bbox 1391 1822 1428 1869; x_wconf 85' lang='lat' dir='ltr'><strong>is</strong></span> <span class='ocrx_word' id='word_1_190' title='bbox 1441 1822 1539 1885; x_wconf 83' lang='lat' dir='ltr'><strong>lege</strong></span> 
     </span>
     <span class='ocr_line' id='line_1_25' title="bbox 246 1894 1536 1964; baseline -0.006 -17"><span class='ocrx_word' id='word_1_191' title='bbox 246 1901 455 1949; x_wconf 77' lang='lat' dir='ltr'><strong>Cornelia</strong></span> <span class='ocrx_word' id='word_1_192' title='bbox 469 1936 484 1960; x_wconf 85' lang='lat'>‚</span> <span class='ocrx_word' id='word_1_193' title='bbox 508 1916 619 1964; x_wconf 86' lang='lat' dir='ltr'><strong>quae</strong></span> <span class='ocrx_word' id='word_1_194' title='bbox 643 1900 696 1946; x_wconf 89' lang='lat' dir='ltr'><strong>de</strong></span> <span class='ocrx_word' id='word_1_195' title='bbox 717 1899 874 1947; x_wconf 73' lang='lat' dir='ltr'><strong>ficariis</strong></span> <span class='ocrx_word' id='word_1_196' title='bbox 900 1899 982 1946; x_wconf 89' lang='lat' dir='ltr'><strong>lata</strong></span> <span class='ocrx_word' id='word_1_197' title='bbox 1000 1898 1083 1957; x_wconf 88' lang='lat' dir='ltr'><strong>est,</strong></span> <span class='ocrx_word' id='word_1_198' title='bbox 1105 1896 1364 1963; x_wconf 88' lang='lat' dir='ltr'><strong>quaerebat:</strong></span> <span class='ocrx_word' id='word_1_199' title='bbox 1386 1894 1536 1956; x_wconf 87' lang='lat' dir='ltr'><strong>postu-</strong></span> 
     </span>
     <span class='ocr_line' id='line_1_26' title="bbox 245 1967 1538 2035; baseline -0.005 -14"><span class='ocrx_word' id='word_1_200' title='bbox 245 1973 303 2021; x_wconf 82' lang='lat' dir='ltr'><strong>lat</strong></span> <span class='ocrx_word' id='word_1_201' title='bbox 321 1991 487 2021; x_wconf 90' lang='lat' dir='ltr'><strong>nomen</strong></span> <span class='ocrx_word' id='word_1_202' title='bbox 513 1974 604 2020; x_wconf 83' lang='lat' dir='ltr'><strong>eius</strong></span> <span class='ocrx_word' id='word_1_203' title='bbox 624 1972 793 2035; x_wconf 87' lang='lat' dir='ltr'><strong>recipi,</strong></span> <span class='ocrx_word' id='word_1_204' title='bbox 823 1972 916 2020; x_wconf 91' lang='lat' dir='ltr'><strong>edit</strong></span> <span class='ocrx_word' id='word_1_205' title='bbox 934 1971 1329 2034; x_wconf 79' lang='lat' dir='ltr'><strong>subscriptionem·</strong></span> <span class='ocrx_word' id='word_1_206' title='bbox 1351 1967 1538 2016; x_wconf 86' lang='lat' dir='ltr'><strong>Occisos</strong></span> 
     </span>
     <span class='ocr_line' id='line_1_27' title="bbox 250 2041 1577 2109; baseline -0.006 -15.988"><span class='ocrx_word' id='word_1_207' title='bbox 250 2047 483 2094; x_wconf 83' lang='lat' dir='ltr'><strong>Senatores</strong></span> <span class='ocrx_word' id='word_1_208' title='bbox 501 2060 649 2104; x_wconf 69' lang='lat' dir='ltr'><strong>xxx,</strong></span> <span class='ocrx_word' id='word_1_209' title='bbox 681 2045 859 2109; x_wconf 80' lang='lat' dir='ltr'><strong>Equites</strong></span> <span class='ocrx_word' id='word_1_210' title='bbox 882 2048 1016 2093; x_wconf 86' lang='lat' dir='ltr'><strong>Rom.</strong></span> <span class='ocrx_word' id='word_1_211' title='bbox 1046 2059 1250 2102; x_wconf 82' lang='lat' dir='ltr'><strong>cccxv,</strong></span> <span class='ocrx_word' id='word_1_212' title='bbox 1279 2054 1408 2103; x_wconf 73' lang='lat' dir='ltr'><strong>atque</strong></span> <span class='ocrx_word' id='word_1_213' title='bbox 1437 2041 1537 2105; x_wconf 85' lang='lat' dir='ltr'><strong>plu·</strong></span> <span class='ocrx_word' id='word_1_214' title='bbox 1574 2083 1577 2085; x_wconf 74' lang='grc'><strong>,</strong></span> 
     </span>
     <span class='ocr_line' id='line_1_28' title="bbox 246 2112 1536 2172; baseline -0.001 -15"><span class='ocrx_word' id='word_1_215' title='bbox 246 2136 351 2167; x_wconf 70' lang='lat' dir='ltr'><strong>res:</strong></span> <span class='ocrx_word' id='word_1_216' title='bbox 374 2132 544 2167; x_wconf 73' lang='lat' dir='ltr'><strong>ceterOS</strong></span> <span class='ocrx_word' id='word_1_217' title='bbox 565 2134 743 2167; x_wconf 68' lang='grc' dir='ltr'>ςςΧΧῙ</span> <span class='ocrx_word' id='word_1_218' title='bbox 772 2117 847 2161; x_wconf 61' lang='grc' dir='ltr'><strong>ὃσα,</strong></span> <span class='ocrx_word' id='word_1_219' title='bbox 865 2117 1049 2172; x_wconf 54' lang='grc' dir='ltr'><strong>ψάμαθός</strong></span> <span class='ocrx_word' id='word_1_220' title='bbox 1072 2133 1116 2159; x_wconf 75' lang='grc' dir='ltr'><strong>τε</strong></span> <span class='ocrx_word' id='word_1_221' title='bbox 1141 2117 1195 2157; x_wconf 62' lang='lat' dir='ltr'><strong>nb:</strong></span> <span class='ocrx_word' id='word_1_222' title='bbox 1199 2132 1242 2157; x_wconf 80' lang='grc' dir='ltr'><strong>ις</strong></span> <span class='ocrx_word' id='word_1_223' title='bbox 1260 2132 1318 2157; x_wconf 77' lang='grc' dir='ltr'><strong>τε.</strong></span> <span class='ocrx_word' id='word_1_224' title='bbox 1340 2112 1536 2161; x_wconf 72' lang='lat' dir='ltr'><strong>Exterri-</strong></span> 
     </span>
     <span class='ocr_line' id='line_1_29' title="bbox 247 2186 1539 2254; baseline -0.005 -14"><span class='ocrx_word' id='word_1_225' title='bbox 247 2204 317 2241; x_wconf 87' lang='lat' dir='ltr'><strong>tus</strong></span> <span class='ocrx_word' id='word_1_226' title='bbox 349 2194 558 2241; x_wconf 85' lang='lat' dir='ltr'><strong>Claudius</strong></span> <span class='ocrx_word' id='word_1_227' title='bbox 585 2194 740 2241; x_wconf 81' lang='lat' dir='ltr'><strong>oculos</strong></span> <span class='ocrx_word' id='word_1_228' title='bbox 774 2193 1066 2254; x_wconf 83' lang='lat' dir='ltr'><strong>undecunque</strong></span> <span class='ocrx_word' id='word_1_229' title='bbox 1093 2189 1375 2247; x_wconf 86' lang='lat' dir='ltr'><strong>circumfert,</strong></span> <span class='ocrx_word' id='word_1_230' title='bbox 1405 2186 1539 2236; x_wconf 50' lang='lat' dir='ltr'><strong>vesti*</strong></span> 
     </span>
     <span class='ocr_line' id='line_1_30' title="bbox 247 2263 1535 2331; baseline -0.005 -18"><span class='ocrx_word' id='word_1_231' title='bbox 247 2279 318 2330; x_wconf 85' lang='lat' dir='ltr'><strong>gat</strong></span> <span class='ocrx_word' id='word_1_232' title='bbox 338 2266 526 2331; x_wconf 84' lang='lat' dir='ltr'><strong>aliquem</strong></span> <span class='ocrx_word' id='word_1_233' title='bbox 553 2280 788 2330; x_wconf 80' lang='lat' dir='ltr'><strong>patronum</strong></span> <span class='ocrx_word' id='word_1_234' title='bbox 809 2266 886 2330; x_wconf 84' lang='lat' dir='ltr'><strong>qui</strong></span> <span class='ocrx_word' id='word_1_235' title='bbox 907 2266 946 2312; x_wconf 89' lang='lat' dir='ltr'><strong>se</strong></span> <span class='ocrx_word' id='word_1_236' title='bbox 963 2264 1229 2312; x_wconf 83' lang='lat' dir='ltr'><strong>defenderet.</strong></span> <span class='ocrx_word' id='word_1_237' title='bbox 1252 2263 1535 2309; x_wconf 87' lang='lat' dir='ltr'><strong>Advocatum</strong></span> 
     </span>
     <span class='ocr_line' id='line_1_31' title="bbox 248 2336 1539 2402; baseline -0.007 -15"><span class='ocrx_word' id='word_1_238' title='bbox 248 2358 341 2388; x_wconf 87' lang='lat' dir='ltr'><strong>non</strong></span> <span class='ocrx_word' id='word_1_239' title='bbox 369 2341 551 2389; x_wconf 86' lang='lat' dir='ltr'><strong>invenit.</strong></span> <span class='ocrx_word' id='word_1_240' title='bbox 579 2341 777 2388; x_wconf 83' lang='lat' dir='ltr'><strong>Tandem</strong></span> <span class='ocrx_word' id='word_1_241' title='bbox 812 2339 1017 2402; x_wconf 79' lang='lat' dir='ltr'><strong>procedit</strong></span> <span class='ocrx_word' id='word_1_242' title='bbox 1048 2341 1093 2384; x_wconf 86' lang='lat' dir='ltr'><strong>P.</strong></span> <span class='ocrx_word' id='word_1_243' title='bbox 1125 2336 1381 2393; x_wconf 81' lang='lat' dir='ltr'><strong>Petronius,</strong></span> <span class='ocrx_word' id='word_1_244' title='bbox 1410 2347 1539 2382; x_wconf 79' lang='lat' dir='ltr'><strong>vetus</strong></span> 
     </span>
    </p>
   </div>
   <div class='ocr_carea' id='block_1_3' title="bbox 245 2410 1536 2478">
    <p class='ocr_par' dir='ltr' id='par_1_3' title="bbox 245 2410 1536 2478">
     <span class='ocr_line' id='line_1_32' title="bbox 245 2410 1536 2478; baseline -0.008 -13"><span class='ocrx_word' id='word_1_245' title='bbox 245 2415 487 2466; x_wconf 59' lang='lat' dir='ltr'><strong>convicier</strong></span> <span class='ocrx_word' id='word_1_246' title='bbox 507 2415 630 2476; x_wconf 85' lang='lat' dir='ltr'><strong>eius,</strong></span> <span class='ocrx_word' id='word_1_247' title='bbox 659 2415 800 2464; x_wconf 88' lang='lat' dir='ltr'><strong>homo</strong></span> <span class='ocrx_word' id='word_1_248' title='bbox 819 2413 1058 2462; x_wconf 86' lang='lat' dir='ltr'><strong>Claudiana</strong></span> <span class='ocrx_word' id='word_1_249' title='bbox 1086 2413 1238 2478; x_wconf 78' lang='lat' dir='ltr'><strong>lingua</strong></span> <span class='ocrx_word' id='word_1_250' title='bbox 1263 2410 1462 2467; x_wconf 81' lang='lat' dir='ltr'><strong>disertuS,</strong></span> <span class='ocrx_word' id='word_1_251' title='bbox 1492 2416 1536 2456; x_wconf 69' lang='lat' dir='ltr'><strong>et</strong></span> 
     </span>
    </p>
   </div>
  </div>
 </body>
</html>
