1730 2870
368 175 626 224 NATUR.
676 173 975 233 QUAEST.
1021 172 1135 217 LIB.
1165 173 1194 218 Ι.
1330 173 1418 235 169

152 282 300 340 causa,
330 297 384 328 ex
411 296 496 344 qua
516 291 563 326 tu
591 277 732 325 videri
759 277 855 326 vis:
877 277 977 341 quia
1005 279 1289 340 unaquaeque
1315 276 1422 324 stilla

148 355 306 419 recipit
336 353 567 416 imaginem
603 352 713 399 solis.
755 351 897 398 Citius
924 351 1037 398 enim
1073 352 1232 398 cadunt
1260 351 1422 410 stillae,

152 445 279 492 quam
306 440 355 474 ut
382 427 616 488 concipere
646 425 877 489 imaginem
906 424 1078 487 poffint.
1105 424 1310 469 Standum
1331 422 1422 480 est,

148 509 198 545 ut
213 498 256 545 id
279 499 399 561 quod
419 497 668 552 imitantur,
694 497 922 558 excipiant.
956 497 1077 555 Quid
1101 512 1208 559 ergo
1227 494 1304 541 fit?
1327 496 1423 540 Co-

149 570 314 626 lorem,
335 587 424 616 non
443 569 675 633 imaginem
700 570 861 616 ducunt
881 585 892 614 :
915 567 1135 631 alioquin,
1155 580 1203 614 ut
1221 567 1280 615 ait
1299 568 1421 615 Nero

149 641 303 688 Caesar
325 641 594 688 disertiffime
611 677 623 698 ‚

214 751 328 795 Colla
352 752 612 811 Cytheriacae
626 750 841 809 splendent
864 751 1024 810 agitata
1049 751 1254 795 columbae
1273 766 1291 794 .·

148 869 192 903 et
217 856 344 902 variis
371 857 590 906 coloribus
617 872 843 918 pavonum
873 857 1052 914 cervix,
1086 856 1257 920 quoties
1274 855 1424 920 aliquo

150 929 419 986 deffiffflur,
452 931 570 977 nitet.
609 931 835 992 Numquid
872 948 980 994 ergo
1013 931 1208 978 dicemus
1251 930 1425 994 specula

149 1002 361 1049 eiusmodi
396 1004 590 1065 plumas,
626 1019 810 1056 quarum
849 1002 993 1047 omnis
1020 1001 1245 1049 inclinatio
1276 1004 1320 1049 in
1346 1019 1425 1050 co-

149 1074 262 1122 lores
279 1091 425 1121 novos
449 1074 624 1120 transit?
646 1076 751 1120 Non
774 1073 915 1122 minus
943 1075 1078 1121 nubes
1098 1074 1310 1122 diversam
1329 1075 1425 1138 spe-

150 1145 256 1192 culis
284 1159 481 1192 naturam
520 1145 714 1202 habent,
756 1163 888 1209 quam
918 1162 1021 1193 aves
1059 1163 1163 1210 quas
1191 1145 1344 1201 retuli,
1381 1159 1425 1193 et

150 1217 519 1273 chamaeleontes,
553 1233 595 1264 et
630 1218 791 1280 reliqua
822 1218 1050 1276 animalia,
1077 1235 1266 1282 quorum
1301 1219 1427 1264 color

150 1300 224 1333 aut
250 1305 304 1339 ex
323 1288 420 1351 ipsis
440 1301 630 1334 mutatur
649 1325 662 1346 ,
697 1305 795 1335 cum
814 1289 876 1334 ira
899 1289 979 1335 vel.
999 1289 1203 1351 cupidine
1223 1289 1396 1337 accensa
1411 1324 1428 1348 ‚

149 1375 294 1407 cutem
323 1361 441 1407 suam
471 1361 642 1407 variant
671 1361 857 1407 humore
887 1359 1078 1418 suffuso,
1109 1372 1181 1408 aut
1211 1362 1427 1424 positione

147 1432 280 1490 lucis,
308 1448 436 1495 quam
468 1445 597 1495 prout
623 1434 782 1480 reelam
802 1433 874 1480 vel
893 1433 1121 1496 obliquam
1151 1435 1428 1498 receperint,

148 1504 206 1550 ita
227 1504 493 1553 colorantur.
518 1505 640 1565 Quid
659 1505 774 1551 enim
798 1505 933 1551 fimile
959 1505 1141 1567 speculis
1164 1507 1322 1553 habent
1341 1525 1426 1554 nu-

149 1579 257 1625 bes:
287 1595 387 1626 cum
419 1578 488 1624 illa
514 1595 604 1624 non
629 1579 898 1640 perluceant,
933 1578 1012 1623 hae
1045 1579 1331 1626 transmittant
1360 1579 1427 1626 lu·

152 1652 283 1699 cem?
316 1652 385 1697 Illa
412 1651 537 1697 densa
558 1664 599 1697 et
620 1652 765 1697 coa5la
782 1686 795 1707 ‚
829 1651 908 1695 hae
940 1666 1058 1696 rarae
1075 1650 1152 1697 sint
1172 1656 1187 1697 ?
1223 1651 1289 1697 illa
1313 1651 1425 1698 eius-

149 1724 249 1770 dem
276 1717 478 1768 materiae
504 1734 594 1769 tota
612 1758 625 1780 ,
661 1723 740 1769 hae
765 1739 787 1768 e
808 1721 984 1769 diversis
1013 1737 1175 1768 temere
1208 1722 1425 1784 composi-

151 1807 217 1841 tae
234 1827 247 1849 ,
273 1806 314 1839 et
331 1794 392 1839 ob
413 1795 502 1840 hoc
520 1795 759 1849 discordes,
779 1810 860 1840 nec
879 1793 953 1839 diu
977 1793 1270 1840 cohaesurae?
1294 1796 1431 1840 Prae-.

152 1879 266 1913 terea
300 1865 532 1922 videmus,
570 1879 671 1911 ortu
710 1866 809 1913 solis
847 1878 1015 1929 partem
1060 1868 1276 1929 quandam
1313 1867 1427 1914 coeli

151 1941 308 1986 rubere
327 1956 338 1984 t
357 1938 554 1986 videmus
570 1939 703 1985 nubes
719 1940 949 2002 aliquando
964 1938 1077 2002 ignei
1097 1939 1273 1986 coloris.
1305 1939 1429 2000 Quid

152 2027 259 2074 ergo
287 2011 519 2073 prohibet,
551 2012 786 2074 quomodo
812 2011 928 2058 hunc
950 2012 1151 2058 colorem
1180 2028 1318 2058 unum
1350 2029 1427 2058 ac-

151 2083 322 2145 cipiunt
340 2082 438 2130 solis
453 2083 664 2140 occursu,
682 2082 738 2130 fic
757 2084 919 2130 multos
937 2084 990 2129 ab
1017 2082 1097 2129 illis
1123 2084 1249 2140 trahi,
1268 2096 1429 2147 quam-'

152 2157 222 2204 vis
252 2172 341 2202 non
366 2157 550 2204 habeant
577 2157 737 2218 speculi
759 2157 1028 2218 potentiam?
1057 2157 1200 2203 Modo
1219 2191 1231 2212 ,
1258 2157 1429 2220 inquit,

154 2228 266 2276 inter
295 2242 543 2291 argumenta
565 2229 756 2291 ponebas
775 2265 787 2287 ‚
818 2230 985 2291 semper
1007 2246 1152 2276 arcum
1175 2242 1325 2276 contra
1351 2230 1427 2276 so·

152 2303 237 2350 lem
265 2303 463 2361 excitari,
490 2304 590 2367 quia
621 2319 699 2350 nec
717 2319 739 2348 a
767 2302 941 2363 speculo
961 2302 1138 2364 quidem
1159 2302 1305 2366 imago
1322 2303 1427 2350 red-

155 2377 330 2426 deretur
348 2415 362 2437 ,
390 2378 465 2424 nisi
486 2378 683 2425 adverso.
712 2379 814 2424 Hoc
833 2410 846 2432 ‚
881 2377 1054 2441 inquit,
1086 2394 1322 2435 commune
1343 2393 1434 2424 no-2·

152 2451 218 2501 bis
237 2454 312 2504 est.
342 2455 456 2502 Nam
485 2455 860 2519 quemadmodum
886 2454 1202 2517 opponendum
1234 2453 1295 2502 est
1325 2452 1427 2517 spe-
1474 2465 1479 2473 ·
