1730 2870
405 81 671 130 NATUR.
716 76 1010 142 QUAEsT.
1056 84 1176 129 ΜΒ,
1213 77 1282 130 ut
1382 101 1466 145 241

198 190 342 239 verint
367 207 512 237 venas.
546 188 629 235 Sed
656 189 1030 250 quemadmodum
1059 189 1103 234 in
1123 189 1250 237 nobis
1269 199 1358 238 non
1378 204 1473 238 tan-

195 277 287 311 tum
308 263 472 326 sanguis
498 261 585 316 est;
628 262 698 307 sed
729 262 861 306 multa
880 278 1033 323 genera
1055 261 1275 320 humoris,
1297 263 1377 309 alia
1397 280 1477 311 ne—

197 336 361 384 cessarii
375 370 387 392 ‚
408 335 487 380 alia
508 333 738 396 corrupti,
763 350 811 380 ac
827 334 955 395 paulo
974 333 1242 396 pinguioris,
1269 336 1313 380 in
1333 335 1474 397 capite

197 412 422 458 cerebrum
439 443 452 465 ‚
484 409 528 454 in
549 408 709 455 offibus
746 407 985 462 medullae,
1005 407 1149 462 muci,
1170 407 1409 472 salivaeque
1432 420 1474 455 et

195 482 424 537 lacrimae,
460 495 502 526 et
533 481 741 543 quiddam
777 480 970 525 additum
996 479 1212 537 articulis,
1245 497 1323 542 per
1352 481 1474 544 quod

195 553 321 601 citius
349 552 577 598 flectantur
602 569 653 598 ex
678 551 849 597 lubrico
871 568 881 596 τ
908 551 964 597 fic
985 552 1027 596 in
1052 565 1163 598 terra
1183 570 1360 617 quoque
1379 555 1475 600 sunt

194 624 394 671 humoris
431 641 591 687 genera
625 623 861 685 complura,
897 624 1124 682 Quaedam
1158 642 1268 687 quae
1306 638 1474 671 matura

195 699 420 745 durentur.
458 699 574 745 Hinc
607 697 667 744 est
704 697 851 742 omnis
884 698 1163 743 metallorum
1196 698 1380 755 humus,
1418 712 1472 745 ex

194 772 353 834 quibus
385 788 535 817 aurum
567 782 882 833 argentumque
913 770 1019 831 petit
1049 772 1226 817 avaritia
1250 789 1260 818 t
1289 786 1332 819 et
1357 789 1470 836 quae

194 844 239 890 in
257 845 443 906 lapidem
462 861 515 890 ex
539 843 708 905 liquore
727 854 967 887 vertuntun
1003 844 1048 887 In
1070 842 1325 904 quibusdam
1356 863 1472 895 vero

195 917 304 964 locis
326 930 439 964 terra
459 917 704 977 humorque
719 914 916 976 liquescit
938 932 948 960 ε
971 914 1076 960 ficut
1095 914 1287 962 bitumen
1303 952 1316 975 ,
1339 931 1382 966 et
1401 936 1474 966 ce-

194 1003 286 1035 tera
306 990 402 1036 huic
421 989 583 1035 similia.
607 989 724 1034 Haec
744 987 803 1034 est
831 987 955 1033 causa
978 1004 1214 1050 aquarum,
1236 991 1475 1039 secundum

194 1063 335 1125 legem
359 1077 533 1108 naturae
549 1095 563 1116 ,
581 1061 944 1122 voluntatemque
963 1060 1238 1108 nascentium.
1262 1063 1473 1109 Ceterum

193 1147 241 1181 ut
257 1136 301 1179 in
324 1133 478 1178 nostris
498 1132 760 1193 corporibus
773 1167 785 1188 ‚
805 1132 863 1177 ita
886 1132 931 1177 in
948 1132 1016 1178 illa
1036 1133 1158 1196 saepe
1178 1135 1385 1183 humores
1399 1137 1473 1184 vi-

192 1206 250 1253 tia
280 1203 567 1266 concipiunt:
597 1218 670 1250 aut
703 1205 840 1261 icius,
872 1217 946 1250 aut
977 1204 1185 1268 quassatio
1212 1207 1371 1270 aliqua,
1399 1220 1473 1256 aut

190 1278 280 1325 loci
306 1278 498 1332 senium,
532 1290 603 1324 aut
631 1277 796 1339 frigus,
823 1293 896 1325 aut
925 1280 1062 1325 aestus
1080 1311 1095 1334 ‚
1123 1297 1361 1344 corrupere
1388 1299 1469 1329 na-

191 1363 356 1404 turam3
383 1365 425 1398 et
451 1351 718 1413 sulphuratio
748 1351 968 1398 contraxit
989 1352 1219 1400 humorem
1237 1390 1250 1413 ,
1268 1355 1344 1417 qui
1371 1372 1471 1401 mo-

192 1425 254 1471 do
283 1424 510 1470 diuturnus
532 1423 614 1480 est,
649 1425 790 1471 modo
810 1425 969 1472 brevis.
996 1429 1112 1490 Ergo
1132 1440 1180 1474 ut
1199 1428 1242 1474 in
1262 1430 1471 1491 corpori-

192 1498 274 1545 bus
293 1497 450 1545 nostris
472 1498 640 1562 sanguis
660 1533 672 1555 ,
697 1515 794 1544 cum
823 1499 1020 1560 percussa
1050 1517 1161 1547 vena
1182 1501 1267 1559 est,
1301 1503 1469 1550 tamdiu

191 1583 361 1626 manat,
388 1571 531 1617 donec
555 1571 700 1616 omnis
724 1570 920 1628 effluxit,
948 1583 1020 1617 aut
1044 1573 1186 1620 donec
1207 1589 1344 1620 venae
1364 1574 1467 1621 scis-

190 1643 286 1691 sura
311 1643 516 1700 subsedit,
548 1654 676 1705 atque
702 1642 964 1698 interclusit,
987 1643 1061 1691 vel
1087 1645 1228 1707 aliqua
1246 1645 1326 1691 alia
1343 1647 1467 1695 causa

189 1730 312 1761 retro
335 1715 452 1761 dedit
474 1714 725 1777 sanguinem
746 1732 757 1760 ε
777 1715 835 1761 ita
858 1715 903 1760 in
927 1729 1039 1762 terra
1054 1752 1068 1773 ,
1096 1717 1244 1764 solutis
1271 1735 1320 1765 ac
1341 1733 1469 1781 pate·

190 1787 309 1835 factis
345 1787 492 1842 venis,
527 1788 649 1834 rivus
684 1800 756 1834 aut
783 1787 952 1835 flumen
986 1788 1232 1838 effunditur.
1261 1794 1467 1853 Interest,

190 1874 399 1922 quantum
429 1872 577 1921 aperta
597 1860 647 1906 fit
671 1875 813 1917 vena,
847 1861 1080 1922 quomodo
1102 1863 1328 1910 consumta
1357 1881 1471 1928 aqua-

192 1933 242 1980 fit
257 1934 419 1980 :modo
437 1932 670 1979 exsiccatur
688 1933 836 1995 aliquo
855 1933 1172 1995 impedimento
1186 1968 1199 1994 ,
1219 1938 1358 1983 modo
1378 1939 1469 1986 coit

190 2006 307 2052 velut
342 2007 386 2051 in
422 2006 671 2053 cicatricem
693 2042 706 2063 ‚
749 2006 1090 2070 comprimitque
1135 2025 1268 2071 quam
1306 2010 1471 2059 fecerat

191 2079 309 2126 viam
335 2095 345 2123 :
377 2080 516 2125 modo
546 2078 617 2126 illa
648 2079 713 2126 vis
742 2091 908 2135 terrae,
934 2096 1065 2143 quam
1093 2081 1177 2128 effe
1212 2083 1466 2132 mutabilem

189 2151 378 2199 diximus
391 2187 404 2208 ,
422 2152 573 2198 definit
598 2151 716 2214 poffe
737 2152 938 2199 alimenta
957 2153 1002 2198 in
1024 2154 1254 2200 humorem
1274 2170 1465 2203 conver-

191 2236 307 2271 tere:
328 2225 562 2288 aliquando
578 2241 723 2272 autem
743 2225 943 2273 exhausta
961 2226 1208 2289 replentur:
1228 2229 1367 2275 modo
1387 2244 1466 2292 per

191 2298 234 2346 se
254 2298 417 2345 viribus
436 2297 673 2345 recollectis
689 2333 702 2356 ,
730 2299 870 2344 modo
888 2297 1056 2345 aliunde
1076 2299 1297 2348 transsatis.
1329 2302 1466 2365 Saepe·

188 2369 304 2418 enim
325 2369 468 2416 inania
484 2368 678 2431 apposita
699 2368 835 2430 plenis
852 2368 1083 2417 humorem
1103 2369 1147 2416 in
1167 2369 1209 2417 se
1226 2372 1460 2421 attrahunt0

257 2444 306 2490 L.
331 2446 453 2492 Arm.
481 2446 652 2490 Seneca.
685 2445 780 2490 Vol.
807 2440 892 2489 IV,
1193 2444 1240 2502 Q
