1730 2870
527 166 1099 213 EP1STOLAE.
1385 183 1441 231 75

182 272 422 322 remedium
442 272 562 319 suum
588 271 810 330 exercuit,
835 272 984 336 ingens
1011 271 1060 319 fit
1083 270 1259 327 animo,
1296 271 1449 334 plenus

184 346 364 394 fiduciae
378 381 391 401 ,
409 345 758 408 inexsuperabilis
773 380 786 403 ‚
812 357 854 392 et
868 345 1008 391 maior
1029 344 1214 390 adeunti.
1234 344 1374 404 Quod
1401 344 1447 389 in

181 419 348 482 magnis
363 417 508 464 evenit
536 418 785 476 montibus,
817 435 1008 482 quorum
1037 417 1273 480 proceritas
1304 416 1449 463 minus

181 504 356 552 apparet
380 491 508 554 louge
531 490 820 545 intuentibus;
849 506 950 535 cum
968 488 1188 535 accesseris
1203 523 1215 545 ‚
1231 499 1334 533 tunc
1353 503 1447 532 rna-

179 561 380 608 nifestum
411 560 489 619 fit,
516 579 646 625 quam
675 562 717 607 in
745 563 881 608 arduo
906 561 1070 607 summa
1103 560 1214 605 sint:
1243 559 1335 606 talis
1365 559 1448 618 est,

179 633 239 678 mi
259 633 424 692 Lucili,
460 651 618 692 verus,
646 646 688 681 et
706 634 861 691 rebus,
888 648 977 679 non
996 630 1214 686 artificiis,
1248 631 1445 693 philoso-

177 707 301 769 phus.
331 711 377 754 ln
403 708 524 755 edito
544 708 619 754 stat
638 707 924 763 admirabilis,
956 706 1086 752 celsus
1103 742 1116 762 ,
1137 704 1446 768 magnitudinis

176 796 320 826 verae.
344 781 447 825 Non
468 779 654 843 exsurgit
678 779 723 825 in
743 779 904 842 plantas
918 813 932 834 ,
959 794 1038 825 nec
1062 777 1239 824 summis
1258 776 1447 822 ambulat

175 850 350 914 digitis,
383 868 535 899 eorum
562 868 687 898 more
715 851 792 914 qui
826 850 1055 897 mendacio
1089 849 1289 896 staturam
1317 848 1443 894 adiu-

172 935 278 969 vant
294 959 308 982 ⁷
329 924 631 988 longioresque
657 941 787 987 quarn
807 923 930 978 sunt,
951 922 1089 970 videri
1117 922 1302 970 volunt:
1335 937 1444 968 con-

172 1007 314 1043 tentus
344 998 403 1043 est
428 998 723 1061 magnitudine
742 997 826 1044 sua.
852 996 1020 1055 Quidni
1052 1009 1282 1042 contentus
1310 995 1359 1040 sit
1388 1011 1444 1041 eo

171 1068 306 1132 usque
326 1069 506 1116 crevisse
526 1102 539 1124 ‚
574 1068 666 1133 quo
686 1085 863 1115 manum
894 1068 1071 1114 fortuna
1102 1084 1192 1113 non
1223 1067 1445 1130 porrigit?

169 1157 277 1203 ergo
299 1154 343 1188 et
362 1141 485 1204 supra
512 1142 698 1187 humana
729 1141 802 1188 est.
835 1142 914 1186 Par
932 1141 1007 1185 fibi
1030 1140 1073 1185 in
1094 1141 1217 1186 omni
1245 1139 1350 1185 statu
1371 1156 1444 1186 re-

168 1227 264 1261 tum
280 1245 294 1268 ‚
322 1211 410 1258 five
430 1212 618 1259 secundo
639 1212 764 1257 cursu
785 1213 871 1258 vita
900 1211 1102 1273 procedit
1116 1245 1129 1266 ‚
1155 1210 1242 1256 five
1263 1209 1443 1255 fluctua-

169 1293 238 1329 tur
256 1301 334 1346 per
348 1285 526 1334 adversa
547 1302 596 1333 ac
616 1284 816 1331 difficilia.
843 1287 967 1331 Hanc
995 1284 1282 1330 constantiam
1307 1284 1443 1331 cavil-

166 1355 349 1405 lationes
365 1357 468 1405 istae
484 1395 498 1416 ‚
528 1360 583 1406 de
601 1358 758 1423 quibus
779 1359 909 1421 paulo
930 1371 1025 1403 ante
1043 1358 1281 1421 loquebar,
1315 1373 1442 1419 prae-

165 1425 274 1475 stare
301 1447 390 1477 non
412 1431 602 1493 poss'unt.
632 1430 760 1477 Ludit
778 1430 864 1477 islis
895 1431 1062 1477 animus
1081 1466 1094 1486 ,
1122 1446 1213 1475 non
1233 1428 1439 1490 proficit:

165 1513 207 1546 et
235 1501 553 1565 philosophiam
577 1520 600 1549 a
623 1503 791 1566 fastigio
809 1503 984 1550 deducit
1001 1503 1043 1548 in
1063 1503 1253 1565 planum.
1284 1504 1378 1549 Nec
1398 1516 1441 1549 te

165 1574 466 1635 prohibuerim
488 1576 721 1639 aliquando
752 1575 827 1621 ista
846 1592 993 1638 agere,
1019 1575 1091 1621 sed
1110 1587 1214 1622 tunc
1233 1593 1332 1622 cum
1352 1591 1440 1622 vo-

167 1648 227 1694 les
259 1648 368 1694 nihil
393 1665 531 1711 agere.
555 1650 655 1696 Hoc
683 1661 826 1694 tamen
855 1648 1014 1694 habent
1040 1648 1083 1693 in
1114 1648 1154 1694 se
1177 1647 1403 1710 peffimurn
1424 1676 1439 1700 ‚

165 1718 441 1768 dulcedinem
460 1722 679 1784 quandam
699 1721 760 1767 sui
781 1720 966 1776 faciunt,
998 1737 1040 1767 et
1070 1722 1267 1767 animum
1295 1721 1436 1783 specie

165 1790 407 1839 subtilitatis
443 1793 665 1840 induclum
695 1807 845 1840 tenent
863 1829 876 1850 ,
904 1810 954 1840 ac
988 1805 1263 1839 remorantur
1291 1810 1301 1839 ε
1336 1809 1438 1840 cum

165 1873 281 1908 tanta
299 1880 443 1911 rerum
468 1865 605 1912 moles
630 1880 757 1912 vacet
770 1902 784 1923 ‚
807 1882 910 1912 cum
929 1865 1008 1913 vix
1027 1878 1117 1914 tota
1135 1866 1225 1913 vita
1243 1867 1438 1924 sufficiat,

164 1945 213 1980 ut
237 1934 326 1982 hoc
352 1953 487 1982 unum
517 1935 676 1993 discas,
707 1936 842 1983 vitam
873 1950 1170 1985 contemnere.
1207 1938 1334 1998 Quid
1362 1955 1434 1984 re-

163 2007 473 2071 gere?inquis.
507 2009 740 2057 secundum
769 2026 882 2072 opus
911 2010 984 2058 est.
1015 2011 1130 2059 Nam
1163 2028 1297 2060 nemo
1321 2011 1434 2059 illam

166 2081 276 2128 hene
305 2081 443 2138 rexit,
476 2080 550 2127 nifi
573 2081 650 2146 qui
680 2082 977 2130 contemserat.
