1730 2870
214 229 273 271 24
470 215 516 259 L.
557 215 849 259 ANNAEI
890 206 1231 263 SENECAE

215 316 446 376 plurimam
479 333 647 362 moram
683 317 842 374 habet,
871 319 975 365 dum
1007 337 1061 366 ex
1093 320 1164 367 illa
1191 332 1370 381 ereptat.
1401 322 1486 369 Hic

214 388 343 434 etiam
356 389 537 436 Senecio
557 390 721 435 divitiis
740 390 1022 448 imminebat,
1040 393 1094 437 ad
1114 409 1221 455 quas
1240 394 1358 440 illum
1380 396 1488 442 duae

215 476 283 506 res
313 461 528 508 ducebant
547 462 885 521 efficaciffimae‚
917 476 959 509 et
985 464 1247 528 quaerendi,
1281 479 1323 511 et
1341 466 1487 512 custo-

217 534 364 580 diendi
389 536 591 581 scientia:
625 553 806 598 quarum
824 538 894 584 vel
911 537 1042 583 altera
1059 538 1325 600 locupletem
1348 539 1488 586 facere

218 606 432 667 potuisset.
453 607 537 655 Hic
563 607 702 655 homo
720 609 910 656 summae
929 610 1203 674 frugalitatis,
1232 627 1319 656 non
1347 612 1488 658 minus

219 679 472 740 patrimonii
493 698 622 742 quam
642 684 842 744 corporis
862 683 1044 745 diligens
1063 719 1075 739 ‚
1103 700 1202 729 cum
1221 700 1291 729 me
1308 700 1363 730 ex
1380 701 1489 730 con-

220 752 444 798 suetudine
468 770 594 800 mane
613 754 804 812 vidisset,
833 774 931 802 cum
954 773 1030 817 per
1053 769 1197 802 totum
1215 756 1329 801 diem
1347 757 1492 801 amico

219 824 412 885 graviter
430 824 586 872 affeao
599 859 613 879 ‚
634 838 676 872 et
695 828 781 873 fine
807 828 877 890 spe
897 828 1081 886 iacenti,
1100 828 1231 890 usque
1251 828 1296 873 in
1315 831 1490 874 noctem

222 894 461 953 ass'ediffet‚
490 913 589 944 cum
612 897 762 944 hilaris
787 899 1032 956 coenasset,
1055 916 1211 962 genere
1235 899 1492 945 valetudinis

221 968 451 1031 praecipiti
469 970 696 1031 abreptus,
718 971 898 1034 angina,
917 972 994 1018 vix
1017 971 1307 1034 compreffum
1328 972 1494 1018 arctatis

222 1039 422 1088 faucibus
449 1042 644 1104 spiritum
672 1045 804 1090 traxit
832 1044 877 1090 in
901 1045 1061 1091 lucem.
1088 1049 1201 1090 intra
1226 1043 1495 1106 pauciffimas

223 1130 329 1176 ergo
356 1114 484 1161 horas
502 1150 514 1168 ‚
545 1115 775 1179 postquam
798 1116 1003 1164 omnibus
1028 1131 1119 1163 erat
1137 1116 1222 1162 sani
1242 1132 1290 1162 ac
1311 1116 1494 1163 valentis

224 1186 378 1232 officiis
396 1186 590 1247 functus,
608 1189 795 1236 deceffit.
820 1189 892 1235 Ille
918 1189 993 1252 qui
1015 1201 1058 1235 et
1076 1188 1182 1234 mari
1212 1201 1254 1234 et
1280 1200 1391 1234 terra
1416 1205 1494 1249 pe-

224 1260 396 1306 cuniam
421 1263 606 1325 agitabat
620 1299 633 1319 ,
654 1264 729 1326 qui
746 1264 797 1309 ad
819 1263 990 1326 publica
1011 1279 1189 1326 quoque
1203 1295 1217 1318 ,
1239 1262 1401 1308 nullum
1422 1279 1496 1308 re-

223 1333 424 1395 linquens
450 1336 724 1398 inexpertum
753 1352 885 1399 genus
916 1334 1134 1399 quaestus,
1169 1334 1421 1390 accefferat;
1449 1334 1495 1380 in

224 1405 319 1466 ipso
339 1407 431 1453 actu
461 1407 572 1455 bene
596 1409 843 1456 cedentium
862 1425 1007 1455 rerum
1021 1444 1035 1464 ,
1055 1407 1100 1454 in
1121 1406 1215 1471 ipso
1233 1424 1495 1471 procurren-

226 1479 278 1528 tis
299 1482 505 1541 pecuniae
527 1474 717 1545 impetu,
736 1496 885 1546 raptus
910 1481 986 1529 est.

293 1590 426 1649 Infire
455 1610 592 1650 nunc,
614 1593 809 1638 Meliboee
823 1628 837 1649 ,
855 1594 1002 1653 piros,
1017 1609 1126 1652 pone
1153 1594 1292 1637 ordine
1311 1592 1425 1638 vites.

227 1699 373 1756 Quam
413 1698 585 1746 stultum
615 1699 675 1746 est
705 1711 887 1746 aetatem
921 1699 1182 1762 disponere?
1221 1716 1275 1745 ne
1307 1698 1496 1746 crastino

226 1769 404 1831 qudem
433 1771 727 1819 dominamur.
765 1775 810 1819 O
843 1788 1003 1835 quanta
1032 1774 1249 1821 dementia
1282 1773 1372 1831 est,
1403 1773 1497 1836 spes
1545 1774 1553 1785 ¹

225 1843 375 1905 longas
406 1843 736 1891 inchoantium!
776 1849 953 1903 Emam,
988 1845 1258 1903 aedificabo,
1294 1847 1496 1901 credam,

224 1917 420 1979 exigam,
449 1917 641 1964 bonores
655 1935 830 1981 geram,
855 1930 947 1964 tum
975 1919 1150 1964 demum
1171 1918 1316 1963 laffam
1338 1932 1381 1964 et
1401 1917 1494 1979 ple-

224 2006 324 2034 nun
364 1989 624 2036 senectutem
660 1990 705 2036 in
740 1990 880 2036 otium
913 1991 1113 2037 referam.
1158 1991 1350 2047 Omni-a,
1388 1990 1496 2038 mihi

225 2063 354 2109 crede
367 2098 380 2121 ,
399 2063 527 2110 etiam
552 2063 748 2111 felicibus
764 2064 890 2111 dubia
910 2064 1018 2110 sunt.
1038 2064 1157 2110 Nihil
1174 2063 1248 2109 fibi
1267 2064 1494 2127 quisquam

222 2137 277 2182 de
300 2135 448 2196 futuro
475 2138 604 2184 debet
629 2138 913 2200 promittere:
938 2138 981 2184 id
1003 2155 1185 2200 quoque
1217 2137 1339 2200 quod
1367 2150 1492 2184 tene·

225 2221 292 2254 tur
309 2244 321 2262 ‚
349 2224 425 2270 per
446 2225 598 2255 manus
616 2210 728 2265 exit,
750 2223 793 2256 et
817 2209 949 2270 ipsam
983 2225 1112 2270 quam
1144 2206 1378 2274 premimus
1410 2207 1495 2252 ho-

223 2296 345 2335 ram,
375 2279 492 2326 casus
523 2279 690 2326 incidit.
720 2279 929 2327 Volvitur
959 2292 1153 2341 tempus,
1191 2291 1282 2324 rata
1316 2278 1495 2341 quidem

222 2353 316 2412 'lege
333 2387 346 2406 ‚
366 2351 434 2396 sed
463 2368 539 2413 per
562 2351 793 2398 obscurum
814 2369 824 2396 :
847 2352 951 2413 quid
969 2365 1112 2398 autem
1134 2352 1186 2397 ad
1213 2368 1309 2406 me,
1340 2367 1406 2396 atr
1417 2366 1493 2395 na-

225 2436 342 2470 turae
372 2425 610 2471 certum‘fit
628 2458 641 2479 ‚
673 2426 793 2487 quod
818 2425 925 2470 mihi
945 2425 1160 2471 incertum
1180 2424 1274 2471 est?
1305 2423 1495 2486 Naviget—-

223 2497 365 2544 tiones
384 2498 533 2561 ‘longas
552 2534 566 2556 ‚
587 2513 628 2545 et
659 2498 884 2562 pererratis
904 2499 1102 2546 litoribus
1120 2498 1288 2558 alienis,
1317 2493 1431 2544 seros
1451 2496 1495 2547 in
