1730 2870
407 142 655 189 NATUR.
706 142 997 202 QUAEsT.
1047 143 1271 191 L113.111.
1387 160 1481 207 247

206 267 292 315 que
314 249 472 297 durari.
491 248 697 312 Aliquam
718 248 869 296 harum
894 250 1053 297 habent
1072 249 1239 296 causam
1259 249 1319 295 illi
1336 250 1483 309 lacus‚‘

205 339 316 386 quos
339 321 529 385 quisquis
550 320 750 369 faucibus
770 321 907 368 haufit
921 359 935 382 ,
962 335 1008 369 ut
1031 322 1148 370 idem
1168 323 1300 385 poeta
1316 323 1402 382 ait,

272 455 482 514 Autfurit
494 491 509 511 ,
528 470 602 500 aut
614 457 779 516 patitur
793 457 938 500 mirum
953 458 1155 517 gravitate
1164 458 1368 518 soporem.

207 577 398 624 Similem
418 578 544 624 habet
563 577 656 625 vim
683 593 806 624 mero
821 613 834 633 ,
859 578 930 625 sed
947 579 1341 628 vehementiorem.
1369 582 1483 628 Nam

208 651 582 714 quemadmodum
609 649 792 697 ebrietas
810 685 823 707 ,
853 650 997 699 donec
1014 651 1278 710 exsiccetur,
1309 653 1488 698 demen-

208 725 267 768 tia
293 722 378 779 est,
412 737 454 768 et
483 720 615 768 nimia
645 721 852 785 gravitate
871 720 1065 767 defertur
1091 722 1136 767 in
1167 721 1366 768 somnum
1393 740 1403 769 :
1428 723 1486 770 fic

210 812 345 857 aquae
378 795 503 841 huius
523 794 751 857 sulphurea
781 794 848 840 vis
864 793 991 839 habet
1018 795 1241 856 quoddam
1266 794 1405 842 acrius
1431 812 1486 841 ex

209 870 307 914 a‘e're
331 867 470 914 noxio
499 867 644 925 virus,
665 867 786 929 quod
805 879 994 913 mentem
1018 881 1089 912 aut
1109 867 1152 912 in
1169 866 1364 914 furorem
1390 884 1487 914 mo-

210 954 309 996 vet,
341 955 412 987 aut
437 941 595 1003 sopore
627 928 852 1003 opprimit.
877 940 978 986 Hoc
1012 940 1140 986 habet
1167 940 1271 986 mali
1299 951 1342 988 et
1366 942 1487 1004 Lyn-

211 1013 364 1060 cestius
395 1013 534 1059 amnis
553 1029 577 1068 :-

280 1138 414 1196 Quem
433 1138 662 1196 quicunque
673 1154 826 1195 parum
846 1138 1049 1181 moderato
1060 1152 1222 1198 gutture
1241 1139 1392 1197 traxit,

277 1213 416 1256 Haud
430 1214 549 1255 aliter
568 1213 718 1255 titubat
731 1246 744 1265 ,
761 1210 936 1273 quamsi
949 1229 1056 1255 mera
1079 1212 1180 1255 virm
1200 1210 1352 1276 bibiffec
1368 1246 1383 1267 ,

276 1335 402 1380 XXI.
429 1336 478 1379 In
503 1333 716 1396 quosdam
739 1330 888 1394 specus
908 1332 986 1396 qui
1005 1332 1265 1395 despexere,
1290 1334 1492 1382 moriun-

212 1426 283 1457 tur
301 1428 311 1456 :
330 1423 418 1456 tam
447 1409 580 1455 velox
598 1408 760 1454 malum
779 1407 863 1462 est,
888 1419 935 1454 ut
959 1408 1274 1457 transvolantes
1296 1407 1400 1458 aves
1419 1412 1495 1458 de-

214 1485 359 1531 iiciat:
390 1484 484 1529 talis
507 1482 566 1528 est
592 1483 690 1540 aer,
720 1482 812 1528 talis
845 1483 992 1539 locus,
1022 1499 1074 1528 ex
1103 1501 1194 1547 quo
1219 1484 1356 1532 letalis
1385 1502 1497 1547 aqua

216 1557 407 1603 destillat.
436 1557 574 1616 Quod
597 1556 627 1600 fi
652 1555 868 1601 remifiior
887 1554 1018 1602 fuerit
1035 1557 1147 1602 aeris
1165 1568 1207 1603 et
1231 1557 1321 1604 loci
1341 1558 1495 1621 pestis,

220 1631 307 1693 ipsa
337 1645 515 1692 quoque
548 1628 836 1688 temperatior
862 1644 998 1685 noxa,
1033 1629 1138 1674 nihil
1164 1630 1345 1691 amplius
1365 1647 1496 1693 quam

219 1715 351 1749 tentat
371 1717 533 1747 nervos
548 1737 559 1756 ,
580 1700 700 1746 velut
721 1701 928 1746 ebrietate
953 1715 1191 1762 torpentes.
1218 1703 1313 1748 Nec
1334 1701 1498 1758 miror,

220 1775 248 1820 si
276 1774 399 1819 locus
428 1786 556 1834 atque
573 1773 647 1818 a'e‘r
672 1789 775 1834 quas
797 1771 937 1819 inficit
954 1808 966 1827 ‚
986 1771 1227 1834 similesque
1246 1772 1499 1832 regionibus

226 1846 395 1897 reddit,
431 1862 509 1906 per
544 1860 676 1907 quas,
706 1857 749 1890 et
783 1862 834 1891 ex
859 1844 1016 1905 quibus
1046 1845 1241 1892 veniunt.
1273 1846 1500 1893 Pabulisa-

219 1937 303 1982 por
321 1932 495 1980 apparet
514 1918 558 1964 in
585 1918 624 1963 la
633 1920 696 1965 &e
714 1953 728 1976 ‚
758 1931 800 1963 et
821 1917 912 1964 vini
934 1918 1001 1964 vis
1020 1917 1175 1964 exsistit
1192 1918 1320 1964 etiam
1339 1918 1384 1964 in
1403 1937 1501 1967 ace-

221 2005 279 2037 to.
300 1991 412 2037 nulla
428 2007 497 2038 res
516 1990 576 2037 est
595 2027 609 2049 ,
628 2007 739 2054 quae
757 2007 847 2036 non
868 1991 959 2037 eius
976 2007 1000 2036 a
1024 2006 1117 2054 quo
1134 1990 1320 2039 nascitur
1335 2022 1348 2047 ,
1374 2005 1500 2040 notas

220 2064 385 2111 reddat.

287 2136 430 2180 XXII.
455 2135 583 2182 Aliud
609 2133 668 2182 est
688 2135 817 2181 etiam
841 2152 1050 2198 aquarum
1074 2151 1208 2198 genus
1227 2171 1240 2193 ‚
1271 2136 1392 2199 quod
1412 2153 1499 2183 no-

225 2206 288 2253 bis
309 2207 447 2268 placet
466 2207 652 2269 coepisse
674 2224 775 2255 cum
793 2210 973 2254 mundo.
992 2208 1092 2253 Sive
1110 2208 1180 2253 ille
1197 2222 1396 2255 aeternus
1415 2209 1503 2265 est,

224 2280 310 2326 hoc
329 2275 508 2342 quoque
525 2279 608 2326 fuit
625 2280 793 2342 semper
812 2299 822 2326 τ
844 2281 931 2329 five
954 2280 1122 2326 initium
1142 2281 1323 2344 aliquod
1340 2281 1399 2328 est
1415 2281 1473 2327 illi
1486 2318 1502 2340 ‚

224 2350 312 2394 hoc
332 2366 509 2412 quoque
535 2368 635 2396 cum
666 2365 764 2397 toto
789 2351 1040 2413 disposmtm
1062 2351 1136 2399 est.
1171 2353 1294 2412 Quid
1321 2353 1368 2398 fit
1385 2353 1500 2410 hoc,

223 2424 428 2486 quaeris?
451 2425 680 2491 Oceanum
698 2461 713 2482 ,
732 2438 775 2470 et
791 2426 1090 2489 quodcunque
1114 2442 1166 2472 ex
1184 2426 1262 2472 illo
1281 2442 1398 2473 mare
1415 2441 1500 2478 tere

1168 2498 1214 2542 Ο
1248 2516 1279 2557 4

1185 2540 1214 2558 b
