1730 2870
406 156 494 217 ³76
661 155 708 201 L.
758 153 1054 198 ANNAEI
1101 153 1455 200 SENECAE

398 260 570 315 ferunt,
600 259 724 322 quod
753 274 944 305 coronae
972 257 1133 320 ubique
1171 256 1308 316 fiunt,
1337 258 1594 322 ubicunque
1625 260 1678 306 fi-

397 331 479 378 dus
505 330 565 377 est
594 348 604 375 :
639 346 763 375 arcus
786 334 886 375 'non
919 328 993 374 nifi
1022 344 1176 376 contra
1201 329 1334 376 solem
1366 349 1375 376 ε
1408 330 1556 395 virgae
1583 347 1676 379 non

399 404 478 450 nisi
503 404 549 449 in
580 402 744 450 vicinia
768 401 879 448 solis.
919 402 1093 447 Poffum
1122 414 1163 447 et
1191 401 1276 449 hoc
1308 403 1446 448 modo
1471 402 1679 450 differen-

400 475 502 523 tiam
532 474 731 520 omnium
762 473 957 520 reddere.
992 472 1219 519 Coronam
1239 473 1268 518 fi
1295 473 1489 522 diviseris
1507 509 1521 532 ‚
1540 492 1679 522 arcus

396 549 510 595 erit:
547 547 577 592 fi
613 546 848 602 direxeri3‚
877 544 1010 609 virga.
1051 548 1099 592 In
1133 546 1338 609 omnibus
1373 547 1499 594 color
1529 548 1680 594 multi-

398 622 498 685 plex
520 619 611 676 est,
635 636 687 666 ex
722 619 923 666 caeruleo
953 618 1169 681 fulvoque
1206 619 1365 665 varius.
1405 619 1564 683 Virgae
1598 620 1676 667 soli

398 707 564 742 tantum
602 694 810 740 adiacent.
864 695 1000 739 Arcus
1036 691 1192 738 solares
1225 691 1482 756 lunaresque
1524 710 1680 742 omnes

397 769 510 818 sunt.
538 769 748 816 Coronae
767 767 967 814 omnium
989 767 1191 814 siderum.

477 845 556 890 XI.
590 843 718 889 Aliud
740 859 918 905 quoque
950 841 1170 905 virgarum
1191 858 1324 905 genus
1352 858 1555 905 apparet,
1576 860 1675 891 cum

395 915 510 963 radii
539 931 619 978 per
651 913 829 979 angusta
859 913 1073 963 foramina
1102 915 1284 961 nubium
1312 927 1489 972 tenues,
1519 914 1675 963 intenti

398 985 688 1049 distantesque
720 986 833 1032 inter
870 984 912 1031 se
948 978 1190 1048 diriguntur
1218 999 1298 1033 :et
1329 985 1406 1048 ipsi
1440 987 1557 1049 ligna
1590 988 1676 1032 im-

395 1061 543 1109 brium
570 1061 681 1108 sunt.
711 1060 962 1120 Quomodo
999 1077 1117 1106 nunc
1148 1078 1219 1107 me
1247 1061 1334 1107 hoc
1362 1062 1466 1108 loco
1495 1067 1673 1124 geram?

397 1133 524 1194 Quid
560 1150 629 1180 eas
663 1132 866 1181 vocem?
905 1132 1114 1195 imagines
1146 1132 1283 1180 solis?
1326 1133 1531 1181 Historici
1567 1134 1678 1181 soles

397 1218 590 1263 vocant,
605 1218 646 1252 et
668 1205 797 1252 binos
816 1204 1050 1269 ternosque
1072 1204 1316 1267 apparuiffe
1336 1205 1577 1252 memoriae
1592 1218 1678 1253 tra·

395 1279 517 1326 dunt.
552 1279 712 1326 Graeci
745 1279 905 1342 parelia
936 1279 1183 1342 appellant:
1206 1278 1306 1341 quia
1338 1278 1382 1324 in
1417 1273 1674 1342 propinquo

396 1353 490 1399 fere
521 1369 544 1399 a
570 1344 660 1407 sole
685 1352 900 1407 visuntur,
925 1367 1000 1398 aut
1030 1352 1130 1415 quia
1160 1342 1372 1398 accedunt
1399 1352 1454 1397 ad
1484 1353 1674 1416 aliquam

395 1422 722 1473 fimilitudinem
747 1424 859 1472 solis.
888 1426 993 1472 Non
1020 1425 1134 1471 enim
1168 1436 1313 1472 totum
1338 1424 1581 1480 imitantur,
1602 1426 1675 1474 sed

393 1499 630 1563 imaginem
655 1500 776 1556 eius,
811 1498 1097 1563 figuramque.
1133 1500 1343 1545 Ceterum
1380 1498 1487 1544 nihil
1515 1500 1675 1547 habent

392 1571 566 1618 ardoris
583 1607 596 1630 ,
620 1571 797 1618 hebetes
822 1588 872 1617 ac
899 1571 1105 1635 languidi.
1144 1571 1222 1617 His
1251 1570 1372 1634 quod
1401 1587 1565 1618 nomen
1591 1573 1678 1618 im-

393 1643 603 1706 ponimus
626 1643 644 1690 ?
685 1643 753 1691 An
784 1642 902 1689 facio
935 1643 1058 1706 quod
1090 1641 1298 1706 Virgilius
1316 1678 1329 1700 ‚
1356 1642 1431 1706 qui
1458 1642 1677 1690 dubitavit

395 1715 452 1763 de
482 1716 692 1775 nomine,
720 1715 876 1763 deinde
895 1714 941 1761 id
965 1715 1019 1768 de
1043 1731 1135 1778 quo
1165 1715 1463 1776 dubitaverat,
1496 1716 1670 1779 posuit?

642 1822 685 1870 ὃ
714 1843 793 1885 quo
816 1840 851 1870 te
869 1826 1034 1870 nomine
1053 1827 1188 1870 dicam
1206 1859 1220 1879 ‚

432 1934 436 1937 .
456 1899 666 1944 Rhezica?
691 1915 762 1942 nec
786 1899 895 1942 cellis
921 1899 1010 1941 ideo
1037 1898 1229 1941 contende
1260 1897 1462 1942 Falernis.

394 2004 519 2052 Nihil
547 2021 653 2069 ergo
674 2003 876 2069 prohibet
897 2003 988 2051 illas
1017 2003 1173 2066 parelia
1204 2003 1370 2051 vocari.
1399 2005 1508 2050 Sunt
1529 2015 1674 2051 autem

395 2078 605 2142 imagines
640 2077 740 2124 solis
767 2077 810 2121 in
848 2076 962 2122 nube
995 2075 1116 2138 spissa
1142 2088 1183 2121 et
1212 2076 1358 2122 vicina
1377 2108 1391 2132 ,
1412 2077 1456 2122 in
1490 2077 1674 2123 modum

395 2149 574 2212 speculi.
607 2149 807 2211 'Quidam
839 2148 1036 2210 parelion
1070 2148 1129 2194 ita
1158 2147 1400 2205 definiunt,
1428 2150 1577 2196 Nubes
1597 2166 1674 2194 ro-

392 2224 527 2270 tunda
546 2259 560 2282 ‚
593 2239 637 2271 et
666 2222 888 2286 splendida
905 2254 919 2276 ‚
946 2221 1174 2283 iimilisque
1201 2220 1293 2268 soli.
1328 2221 1530 2285 Sequitur
1552 2221 1671 2267 enim

395 2296 517 2342 illum
536 2331 550 2354 ,
582 2313 662 2343 nec
690 2311 882 2358 unquam
911 2294 1085 2358 longius
1115 2294 1399 2357 relinquitur,
1422 2311 1559 2357 *quam
1589 2293 1672 2339 fuit

394 2385 496 2414 cnm
522 2369 783 2432 apparuerit.
818 2368 1037 2431 Numquis
1057 2368 1252 2414 nostrum
1274 2368 1456 2413 miratur
1472 2403 1485 2424 ‚
1520 2366 1549 2412 si
1571 2367 1672 2412 solis
1706 2429 1708 2431 ι
1729 2373 1730 2379 ’

396 2440 587 2506 effigiem
624 2442 670 2490 in
689 2442 837 2508 aliquo
852 2442 974 2491 sonte
993 2453 1066 2490 aut
1083 2440 1255 2506 placido
1273 2441 1368 2491 lacu
1386 2439 1519 2491 vidit?
1542 2441 1674 2498 Non,
