1730 2870
350 97 615 155 NATUR.
661 92 965 156 QUAEsT.
1012 97 1134 143 Lm.
1172 97 1248 144 vt.
1329 70 1442 161 *333

158 202 307 261 cadat,
333 218 390 250 eo
419 200 720 251 vehementius
739 236 753 259 ,
786 217 877 265 quo
901 214 973 249 aut
1008 202 1103 265 plus
1134 201 1346 264 ponderis
1366 220 1451 252 ve-

157 278 249 334 nit,
272 290 346 323 aut
363 275 501 322 altius.
535 276 589 320 Et
621 274 678 321 fic
702 275 1016 322 commovetur
1033 292 1166 322 omne
1187 276 1350 322 tectum
1372 293 1450 323 ca·

157 367 284 398 vatae
308 349 442 397 vallis.
495 348 594 395 Nec
613 359 779 394 tantum
811 349 1005 411 pondere
1036 349 1112 395 suo
1134 348 1326 396 abscindi
1355 349 1452 397 saxa

154 421 364 470 credibile
381 420 471 477 est,
501 420 573 466 sed
601 436 703 466 cum
730 418 912 467 flumina
947 419 1074 483 supra
1095 420 1291 469 ferantur
1309 457 1322 479 ‚
1353 421 1453 468 affi-

158 495 270 540 duus
294 494 455 539 humor
474 491 774 539 commissuras
796 492 948 555 lapidis
966 506 1203 550 extenuat,
1237 506 1280 541 et
1300 494 1451 557 quoti-

159 568 230 614 die
262 566 327 613 his
357 566 410 613 ad
430 582 542 630 quae
572 565 776 629 religatus
795 565 854 613 est
878 565 1047 625 aufert,
1075 584 1118 614 et
1150 568 1266 614 illam
1296 566 1366 632 (ut
1394 569 1453 616 ita

158 637 328 703 dicam)
352 655 496 686 cutem
517 656 601 702 qua
622 639 904 696 continetur,
921 640 1104 687 abradit.
1125 641 1302 689 Deinde
1320 642 1455 706 longa

164 727 242 774 per
263 728 422 758 aevum
458 710 696 758 diminutio
721 711 857 775 usque
893 727 950 759 eo
983 710 1174 760 infirmat
1208 714 1309 771 illa,
1343 732 1457 778 quae

161 784 359 846 quotidie
380 783 562 842 attrivit,
582 795 630 830 ut
647 784 841 832 desinant
861 784 944 832 efl‘e
959 785 1084 832 oneri
1100 785 1300 834 ferendo.
1317 789 1450 834 Tunc

158 855 258 902 saxa
288 855 395 903 vasti
428 854 636 917 ponderis
669 854 877 901 decidunt
894 889 919 912 ‚.
939 868 1046 903 tunc
1073 856 1144 904 illa
1168 858 1453 921 praecipitata

160 944 321 989 rupes,
356 927 572 992 quidquid
610 927 663 973 ab
697 926 790 974 imo
828 927 1118 991 repercussit,
1160 946 1252 976 non
1286 931 1455 995 paffura

161 1001 424 1060 consistere,

402 1077 555 1136 sonitu
576 1077 691 1121 venit
704 1112 717 1133 ,
736 1073 778 1123 G*
796 1093 902 1122 ruere
920 1078 1063 1122 omnia
1081 1077 1173 1138 visa
1193 1096 1346 1140 repente
1365 1097 1382 1125 .·

159 1161 207 1197 ut
225 1148 281 1194 ait
301 1148 513 1212 Virgilius
538 1148 697 1196 noster.
734 1148 875 1195 Huius
892 1162 1041 1196 motus
1058 1150 1338 1200 succutientis
1362 1168 1454 1205 terq

159 1237 225 1267 ras
249 1220 354 1265 haec
371 1219 451 1266 erit
469 1219 605 1267 causa.
633 1220 701 1267 Ad
719 1220 894 1266 alteram
914 1219 1099 1268 transeo.

231 1293 398 1338 XXIII.
419 1295 531 1338 Rara
559 1305 695 1339 terrae
712 1303 862 1339 natura
880 1292 941 1339 est
953 1328 967 1350 ,
997 1295 1270 1360 multumque
1287 1295 1452 1351 habens

159 1365 303 1413 vacui.
344 1382 420 1428 per
467 1365 544 1412 has
577 1365 771 1412 raritates
816 1365 986 1427 spiritus
1034 1366 1174 1415 fertur
1198 1387 1209 1415 :
1248 1369 1326 1432 qui
1371 1372 1449 1417 ubi

159 1437 301 1484 maior
339 1437 512 1484 influxit
538 1470 552 1494 ‚
600 1453 680 1485 nec
725 1436 937 1484 emittitur
967 1474 980 1495 ,
1024 1442 1221 1487 concutit
1273 1454 1449 1490 terram.

162 1512 283 1556 Haec
324 1510 464 1571 placet
498 1526 541 1557 et
568 1510 658 1556 aliis
679 1545 693 1565 ‚
722 1520 770 1554 ut
797 1509 930 1571 paulo
965 1521 1064 1557 ante
1103 1512 1262 1569 retuli,
1298 1514 1453 1563 causa:

161 1585 190 1631 fi
221 1584 326 1648 quid
354 1584 471 1645 apud
500 1598 544 1630 te
575 1582 825 1646 profectura
857 1582 1027 1631 testium
1070 1585 1198 1631 turba
1228 1585 1301 1632 est.
1331 1586 1456 1634 Hauc

161 1659 294 1706 etiam
325 1656 607 1703 Callisthenes
631 1656 791 1719 probat
829 1672 920 1703 non
960 1672 1209 1704 contemtus
1243 1659 1327 1704 vir.
1358 1660 1454 1705 Fuit

161 1731 279 1777 enim
307 1729 369 1775 illi
399 1729 546 1775 nobile
578 1729 804 1792 ingenium
828 1764 843 1786 ,
869 1744 912 1776 et
940 1728 1164 1776 furibundi
1184 1731 1295 1795 regis
1313 1732 1456 1794 impa-

159 1806 281 1852 tiens.
316 1805 418 1850 Hoc
446 1803 509 1850 est
546 1803 789 1850 Alexandri
825 1803 992 1850 crimen
1036 1819 1258 1852 aeternum
1281 1838 1296 1862 ‚
1331 1808 1455 1869 quod

159 1880 275 1925 nulla
305 1879 476 1934 virtus,
509 1878 626 1925 nulla
661 1878 878 1924 bellorum
909 1878 1089 1925 felicitas
1111 1880 1312 1928 redimet.
1337 1883 1455 1929 Nam

158 1952 360 2015 quotiens
379 1952 475 2014 quis
495 1951 666 2008 dixerit,
688 1951 866 1997 Occidit
884 1950 1107 1997 Persarum
1130 1953 1265 1999 multa
1287 1954 1418 2000 millia
1436 1969 1449 2000 z

158 2035 414 2083 opponetur
433 2057 446 2080 ,
479 2025 531 2068 Et
564 2021 887 2069 Callisthenem.
911 2023 1133 2082 Quotiens
1160 2025 1320 2072 dietum
1343 2027 1454 2085 erit,

159 2095 343 2141 Occidit
369 2095 556 2141 Darium
573 2131 586 2152 ,
618 2111 750 2156 penes
769 2111 899 2158 quem
916 2107 1021 2142 tunc
1040 2113 1244 2158 magnum
1266 2115 1450 2162 regnum

159 2180 250 2215 erat
267 2186 280 2223 ;
300 2182 554 2229 opponetur
571 2204 585 2225 ,
607 2170 660 2213 Et
686 2168 1006 2214 Callisthenem.
1045 2171 1269 2228 Quotiens
1287 2171 1451 2220 dictum

160 2241 267 2295 erit,
307 2241 472 2287 Omnia
509 2244 702 2288 Oceano
744 2254 867 2288 tenus
914 2242 1056 2300 vicit,
1097 2243 1242 2306 ipsum
1273 2262 1454 2310 quoque

162 2314 345 2360 tentavit
380 2314 513 2361 novis
559 2314 792 2372 classibus,
823 2326 867 2362 et
905 2314 1139 2377 imperium
1191 2334 1247 2363 ex
1287 2319 1452 2382 angulo

162 2386 374 2436 Thraciae
399 2388 535 2452 usque
560 2388 616 2436 ad
645 2388 838 2436 Orientis
863 2388 1075 2436 terminos
1096 2389 1306 2451 protulit:
1334 2392 1452 2440 dice-
