1730 2870
199 111 290 176 348
459 115 511 160 L.
552 111 844 158 ANNAEx
889 111 1227 159 SENECAE

194 238 277 268 nec
293 218 406 268 coeli
424 230 549 265 motu
568 216 662 265 fieri
676 228 798 264 ortus
817 229 858 264 et
872 218 1066 277 occasus,
1085 218 1157 266 sed
1173 216 1293 281 ipsos
1307 215 1415 264 oriri
1434 230 1482 266 et

193 291 412 338 occidere.
431 290 581 353 Digna
604 304 673 336 res
708 288 770 336 est
790 290 1168 353 contemplatione
1185 326 1199 347 ,
1222 305 1269 337 ut
1299 290 1480 338 sciamus

191 364 239 410 in
255 380 345 427 q-uo
364 379 510 410 rerum
531 361 640 409 statu
661 361 790 409 fimus
809 378 819 406 ε
839 362 1122 425 pigerrimam
1141 362 1308 422 sortiti,
1331 380 1386 409 an
1401 380 1480 411 ve-

188 434 449 484 lociffimam
481 435 652 483 sedem:
678 435 794 484 circa
831 453 911 483 nos
945 437 1070 483 Deus
1108 437 1284 496 omnia,
1317 454 1372 484 an
1397 453 1483 485 nos

191 522 303 572 agat.
328 507 626 556 Necessarium
657 508 719 555 est
738 521 906 564 autem,
936 520 1107 557 veteres
1126 524 1248 556 ortus
1267 510 1481 557 Cometa-

189 599 289 628 rum
310 583 469 630 habere
486 582 712 632 colleelos.
732 581 1018 645 Deprehendi
1035 582 1152 631 enim
1170 596 1353 647 propter
1371 585 1480 631 rari-

192 666 323 702 tatem
338 671 496 702 eorum
516 655 664 703 cursus
685 656 826 703 adhuc
847 671 937 704 non
953 656 1118 718 potest,
1134 674 1216 704 nec
1235 656 1483 720 explorari,

191 745 245 775 an
270 729 392 776 vices
411 729 613 786 servent,
638 743 682 777 et
708 729 808 776 illos
837 730 891 776 ad
916 731 1040 776 suum
1061 731 1175 777 diem
1199 742 1338 777 certus
1365 731 1481 777 ordo

190 804 422 867 producat.
453 805 588 851 Nova
614 804 722 851 haec
759 804 1011 852 coelestium
1040 805 1294 855 observatio
1325 804 1411 864 est,
1437 817 1482 854 et

193 893 334 939 nuper
349 877 394 923 in
414 876 644 924 Graeciam
661 877 850 926 inveSta.

228 985 230 988 v
255 952 329 998 Ill.
349 950 639 997 Democritus
656 967 836 1014 quoque
856 986 873 1009 ,
895 950 1185 999 subtiliffimus
1199 951 1484 1015 antiquorum

190 1021 424 1081 omnium,
461 1022 665 1085 suspicari
702 1022 761 1070 ait
794 1025 862 1081 se,
900 1024 1044 1086 plures
1078 1023 1214 1071 stellas
1248 1023 1333 1070 effe
1372 1041 1484 1087 quae

193 1112 395 1142 currant:
419 1094 491 1141 sed
511 1112 591 1142 nec
615 1111 846 1142 numerum
862 1095 1032 1142 illarum
1051 1095 1216 1158 posuit,
1232 1112 1313 1142 nec
1333 1096 1482 1142 nomi-

192 1186 270 1225 na,
295 1168 492 1214 nondum
511 1168 835 1231 comprehensis
853 1168 1048 1232 quinque
1069 1169 1255 1216 siderum
1277 1168 1484 1219 cursibus.

193 1242 404 1288 Eudoxus
424 1240 590 1303 primus
614 1242 666 1288 ab
687 1246 896 1306 Aegypto
915 1242 996 1287 hos
1018 1256 1166 1288 motus
1185 1241 1229 1288 in
1249 1241 1482 1288 Graeciam

190 1314 414 1360 transtulit„
431 1311 514 1360 Hic
535 1328 682 1360 tamen
708 1315 761 1360 de
793 1315 993 1360 Cometis
1021 1313 1128 1359 nihil
1162 1312 1283 1361 dicit.
1302 1316 1367 1359 Ex
1387 1329 1479 1376 quo

189 1402 369 1450 apparet
387 1423 400 1445 ,
435 1405 489 1433 ne
514 1389 629 1450 apud
666 1387 911 1452 Aegyptios
933 1386 1109 1450 quidem
1125 1423 1138 1444 ‚
1163 1387 1321 1450 quibus
1341 1388 1485 1433 maior

189 1460 306 1508 coeli
325 1478 428 1507 cura
447 1460 554 1518 fuit,
574 1462 684 1508 hanc
712 1475 880 1524 partem
903 1461 1183 1508 elaboratam.
1218 1461 1382 1506 Conon
1398 1476 1483 1522 po-

186 1533 274 1580 stea
301 1533 482 1596 diligens
507 1546 550 1579 et
581 1531 668 1595 ipse
705 1532 966 1595 inquisitor,
993 1531 1263 1578 defeffiones
1297 1531 1477 1594 quidem

189 1605 291 1652 solis
323 1604 511 1651 servatas
544 1605 597 1651 ab
629 1604 861 1668 Aegyptiis
897 1604 1113 1668 collegit,
1145 1604 1301 1650 nullam
1335 1617 1478 1650 autem

189 1679 464 1726 mentionem
485 1677 590 1726 fecit
614 1680 930 1726 Cometarum:
958 1695 1049 1725 non
1071 1678 1447 1740 praetermissurus
1470 1717 1489 1742 ,

189 1754 223 1801 si
241 1754 350 1817 quid
371 1754 585 1815 explorati
618 1755 734 1817 apud
759 1752 856 1800 illos
877 1752 1170 1816 comperisset.
1194 1754 1305 1799 Duo
1328 1767 1445 1801 certe
1468 1789 1484 1811 ,

189 1828 266 1891 qui
285 1828 400 1889 apud
437 1828 684 1875 Chaldaeos
712 1827 910 1874 studuiss‘e
929 1827 968 1873 se
992 1827 1146 1874 dicunt
1163 1863 1176 1883 ,
1203 1827 1416 1889 Epigenes
1435 1841 1480 1876 er

189 1900 458 1962 Apollonius
474 1901 701 1963 Myndius,
723 1899 1001 1962 per-iriffimus
1019 1898 1390 1961 inspiciendorum
1405 1917 1484 1946 na-
1508 1961 1509 1964 Ἰ

190 1974 418 2031 turalium,
444 1973 555 2021 inter
580 1974 621 2021 se
657 1975 873 2022 diffident.
921 1975 1006 2022 Hic
1026 1975 1142 2022 enim
1163 1974 1251 2029 ait,
1271 1974 1483 2020 Cometas

188 2048 235 2095 in
269 2064 457 2094 numero
492 2046 708 2094 stellarum
752 2047 989 2095 errantium
1026 2047 1134 2111 pon-i
1167 2063 1190 2092 a
1219 2046 1483 2103 Chaldaeis,

191 2120 417 2184 tenerique
438 2120 582 2168 cursus
605 2138 775 2168 eorum.
807 2121 1024 2184 Epigenes
1056 2132 1209 2167 contra
1242 2120 1324 2177 ait,
1345 2119 1481 2165 Chal-

192 2193 324 2239 daeos
343 2190 448 2238 nihil
462 2191 517 2239 de
546 2192 745 2239 Cometis
762 2193 918 2238 habere
955 2191 1281 2255 comprehensi,
1303 2189 1376 2236 sed
1406 2189 1480 2238 vi-

196 2264 289 2311 deri
309 2263 407 2312 illos
444 2265 625 2312 accendi
645 2266 816 2313 turbine
842 2266 1036 2330 quodam
1057 2266 1168 2312 a'e'ris
1202 2263 1410 2313 concitati
1437 2273 1481 2310 et

197 2349 366 2385 intorti.

286 2412 361 2458 lV.
383 2407 578 2458 Primum
618 2428 726 2475 ergo
745 2447 760 2471 ,
797 2411 828 2460 si
866 2411 947 2460 tibi
991 2411 1169 2461 videtur
1187 2442 1203 2468 ,
1245 2406 1481 2473 opiniones
