1730 2870
361 113 620 163 NATUR.
666 113 971 174 QUAEST.
1017 115 1217 178 1313.st
1341 131 1432 180 ως

155 218 287 269 etiam
323 219 565 283 praediffio
603 218 677 266 est.
713 219 805 266 Cur
841 237 946 284 ergo
977 221 1146 284 aquilae
1180 221 1252 274 hic
1289 219 1438 270 honor

158 295 279 341 datus
321 293 416 349 est,
454 307 501 340 ut
535 309 786 356 magnarum
833 311 978 341 rerum
1020 295 1182 342 faceret
1219 294 1437 358 auspicia:

159 380 233 415 aut
264 368 435 424 corvo,
467 377 539 412 aut
569 364 828 427 pauciffimis
858 366 1044 413 avibus:
1080 377 1318 414 ceterarum
1350 367 1441 415 fine

158 437 377 502 praesagio
407 453 499 484 vox
540 437 640 485 est?
672 437 790 498 Quia
823 439 1037 501 quaedam
1074 439 1119 484 in
1148 451 1284 486 artem
1322 455 1442 488 non-

160 511 265 557 dum
294 509 466 556 reda&a
501 509 611 557 sunt.
658 510 888 569 Quaedam
921 527 1032 558 vero
1066 527 1121 558 ne
1165 513 1307 576 redigi
1343 513 1443 578 qui·

157 582 258 628 dem
285 581 491 644 possunt,
513 582 574 629 ob
601 580 784 627 nimium
809 593 1023 628 remotam
1049 584 1464 638 conversationem„

158 657 371 704 Ceterum
405 656 570 702 nullum
608 654 767 702 animal
803 654 863 701 est
884 691 897 713 ,
932 656 1056 717 quod
1092 673 1184 703 non
1225 671 1354 706 motu
1400 673 1446 707 et

161 719 356 778 occursu
379 730 457 776 suo
491 729 713 791 praedicat
738 727 914 790 aliquid.
944 730 1049 774 Non
1071 729 1223 775 omnia
1254 731 1444 788 scilicet,

162 803 235 851 sed
269 804 481 866 quaed-am
514 811 735 848 notantur.
769 800 1022 863 Auspicium
1062 800 1123 848 est
1161 802 1447 852 observantis.

162 876 232 922 Ad
260 892 363 922 eum
396 876 541 938 itaque
579 873 798 937 pertinet,
835 874 910 938 qui
945 874 990 921 in
1021 892 1072 922 ea
1105 875 1314 923 direxerit
1352 877 1448 924 ani-

165 966 298 995 mum.
328 949 536 994 Ceterum
566 958 610 993 et
638 945 707 992 illa
730 962 841 1006 quae
871 959 1065 1009 pereunt,
1101 949 1313 1013 Quinque
1348 949 1448 997 stel-

165 1020 305 1065 larum
338 1017 593 1081 potestatem
625 1016 950 1064 Chaldaeorum
987 1018 1241 1066 observatio
1264 1021 1451 1084 excepit.

165 1092 288 1151 Quid
319 1090 401 1137 tu?
433 1102 502 1137 tot
537 1088 670 1135 millia
701 1088 887 1136 fiderum
909 1090 1070 1138 iudicas
1102 1091 1243 1139 otiosa
1269 1094 1450 1141 lucere?

167 1164 289 1224 Quid
322 1162 383 1210 est
416 1178 555 1225 porro
593 1162 737 1217 aliud,
772 1163 896 1225 quod
930 1180 1125 1210 errorem
1159 1164 1340 1212 incutiat
1370 1183 1453 1228 pe-

167 1237 261 1284 ritis
289 1235 496 1282 natalium
517 1251 680 1298 ‚quam
710 1236 831 1298 quod
861 1237 1010 1297 paucis
1035 1253 1117 1284 nos
1147 1236 1357 1285 sideribus
1388 1240 1452 1289 as-

168 1311 357 1374 fignant:
393 1327 494 1357 cum
529 1309 680 1355 omnia
713 1326 826 1372 quae
854 1309 978 1371 supra
1007 1325 1088 1357 nos
1122 1310 1248 1370 sunt,
1282 1327 1454 1375 partem

170 1386 250 1432 fibi
288 1385 425 1432 nostri
461 1383 729 1432 vindicent?
769 1383 1051 1432 Submisfiora
1085 1384 1264 1433 forsitan
1294 1388 1339 1433 in
1373 1405 1456 1436 nos

136 1505 139 1507 .
172 1456 355 1520 propius
387 1456 480 1504 vim
514 1454 630 1502 suam
672 1455 896 1518 dirigunt3
939 1468 984 1502 et
1017 1472 1068 1503 ea
1101 1473 1212 1520 quae
1246 1458 1459 1523 frequen-

173 1531 258 1578 tius
290 1541 408 1576 mota
425 1564 438 1587 ,
455 1529 578 1575 aliter
605 1544 686 1575 nos
706 1564 719 1585 ‚
739 1529 861 1575 aliter
887 1544 1031 1575 cetera
1060 1529 1259 1576 animalia
1286 1533 1459 1596 prospi-

173 1605 311 1651 ciunt.
340 1603 545 1650 Ceterum
582 1613 624 1648 et
654 1601 726 1648 illa
759 1617 870 1663 quae
897 1614 970 1648 aut
1003 1600 1187 1649 immota
1224 1603 1352 1664 sunt,
1383 1619 1461 1655 aut

175 1687 358 1737 propter
387 1673 668 1722 velocitatem
698 1672 906 1725 universo
930 1675 1098 1721 mundo
1122 1691 1269 1739 parem
1299 1677 1463 1726 immo-

176 1749 228 1795 tis
256 1746 435 1804 fimum,
467 1764 560 1793 non
587 1758 705 1793 extra
737 1748 802 1792 ius
827 1746 1165 1810 dominiumque
1191 1748 1327 1795 nostri
1353 1750 1462 1798 sunt.

178 1820 312 1866 Aliud
330 1819 474 1882 aspice
488 1855 501 1876 ‚
533 1834 576 1866 et
594 1819 829 1867 distributis
847 1835 941 1866 rem
961 1820 1096 1867 efficis
1109 1857 1122 1879 ,
1154 1822 1326 1870 trastas.
1354 1825 1464 1871 Non

179 1893 315 1956 magis
349 1906 494 1939 autem
536 1891 661 1939 facile
689 1892 780 1948 est,
820 1892 928 1939 scire
959 1891 1067 1956 quid
1102 1894 1263 1957 poffint
1283 1927 1298 1951 ‚
1331 1913 1464 1961 quam

179 1965 368 2013 dubitari
402 1965 558 2023 debet,
592 1982 646 2011 an
672 1966 846 2028 poffint.

246 2038 458 2084 XXXIII.
491 2040 622 2086 Nunc
641 2040 696 2085 ad
731 2039 913 2086 fulmina
939 2053 1214 2091 revertamur
1237 2061 1249 2092 z
1273 2061 1468 2109 quorum

183 2129 250 2159 ars
279 2113 324 2158 in
358 2112 440 2157 tria
474 2112 710 2160 dividitur:
746 2115 1120 2177 quemadmodum
1153 2118 1469 2181 exploremus,

184 2184 558 2247 quemadmodum
578 2184 939 2247 interpretemur5
962 2189 1340 2251 quemadmodum
1356 2203 1472 2239 exo-⁴

184 2274 345 2304 remus.
373 2258 515 2303 Prima
547 2274 641 2319 pars
666 2258 720 2304 ad
755 2258 991 2306 formulam
1019 2261 1209 2323 speflat3
1246 2263 1434 2312 secunda
1454 2301 1470 2324 ‚

141 2327 151 2337 ²
186 2331 240 2376 ad
268 2331 614 2386 divinationem3
632 2331 757 2378 tertia
772 2367 785 2390 ,
805 2334 857 2379 ad
879 2334 1185 2397 propitiandos
1203 2335 1335 2386 deos:
1355 2352 1471 2401 quos

186 2402 303 2450 bona
335 2419 491 2478 rogare
519 2416 698 2465 oportet
719 2439 731 2457 ‚
765 2406 875 2452 mala
906 2407 1142 2473 deprecari.
1174 2410 1351 2474 Rogare
1370 2445 1385 2472 ‚
1421 2424 1471 2458 ut

252 2475 301 2524 L.
330 2477 454 2522 Arm.
482 2478 651 2526 Seneca.
681 2479 773 2527 Vol.
788 2478 874 2528 IV.
1202 2482 1248 2527 O
