1730 2870
194 94 292 139 420
393 55 399 61 ’
455 79 492 123 E
544 76 809 160 inatus,
856 73 1232 120 SENECAE

191 181 509 246 reprehendere
534 181 738 238 auderet,
756 182 939 226 Annaeo
964 179 1180 234 Senecae,
1207 193 1338 242 quem
1364 194 1482 226 non-

190 254 321 302 nullis
336 253 509 300 indiciis
525 250 778 300 invenimus
794 250 1111 313 Apostolorum
1125 249 1376 296 nostrorum
1390 250 1483 297 cla·-

189 330 322 379 ruiffe
354 330 659 391 temporibus,
688 343 780 374 non
814 325 996 389 quidem
1027 343 1082 373 ex
1108 338 1235 384 toto,
1258 340 1410 371 verum
1430 341 1484 371 ex
1514 346 1520 351 ·

191 402 333 465 aliqua
352 412 474 463 parte
492 415 585 445 non
606 398 759 445 defuit.
772 396 910 444 Affuit
926 397 1043 444 enim
1061 396 1290 454 scribenti,
1311 391 1484 444 viventi

191 475 344 523 defuit,
367 474 484 519 Nam
512 471 559 519 in
589 488 645 519 eo
675 471 792 519 libro
810 486 942 534 quem
973 482 1130 518 contra
1158 468 1485 533 superstitiones

192 547 395 594 condidit
410 577 426 600 ‚
444 545 583 591 multo
614 542 837 606 copiosius
854 559 908 590 ac·
928 541 1232 589 vehementius
1247 542 1486 604 reprehen-

192 620 257 667 dit
273 619 363 681 ipse
385 618 562 665 civilem
584 617 709 664 istam
734 628 776 663 et
795 616 1007 662 urbanam
1024 615 1290 679 theologiam
1306 649 1319 671 ‚
1353 631 1487 677 quam

195 694 343 740 Varro
362 691 616 739 theatricam
637 702 769 753 atque
801 687 1054 735 fabulosam.
1091 687 1209 733 Cum
1226 686 1342 734 enim
1364 686 1418 732 de
1436 686 1490 736 fi-

193 765 399 812 mulacris
429 760 603 829 ageret‘:
624 765 802 821 Sacros,
831 762 998 825 inquit,
1020 761 1291 808 immortales
1306 793 1319 815 ,
1339 760 1488 807 invio-

193 839 429 902 labilesque
454 840 560 886 deos
581 839 626 884 in
653 837 835 885 materia
869 835 1072 884 viliffima
1105 851 1235 900 atque
1268 835 1488 882 immobili

194 913 411 961 dedicant.
434 912 620 960 Habitus
633 912 717 958 illis
734 910 967 957 hominum
981 946 994 968 ‚
1017 910 1321 974 ferarumque,
1338 923 1379 956 et
1401 909 1489 972 pis-

194 986 315 1032 cium
336 1022 349 1043 ‚
369 985 549 1049 quidam
567 1001 678 1033 vero
693 984 856 1031 mixtos
869 1001 924 1032 ex
943 984 1123 1031 diverfis
1143 983 1407 1046 corporibus
1422 983 1493 1029 in-

197 1059 351 1106 duunt.
370 1059 564 1105 Numina
585 1070 774 1116 vocant,
788 1074 899 1121 quae
918 1057 949 1105 s1
967 1057 1117 1120 spiritu
1137 1071 1320 1121 accepto
1346 1056 1492 1104 subito

199 1146 516 1190 occurrerent,
537 1130 729 1180 monstra
759 1131 1034 1178 haberentur.
1065 1130 1244 1178 Deinde
1269 1129 1497 1194 aliquanto

200 1203 300 1267 post
315 1239 328 1262 ,
345 1221 447 1252 cum
463 1205 733 1270 theologiam
748 1204 986 1252 naturalem
1002 1203 1277 1268 praedicans,
1293 1220 1494 1267 quorun-

200 1279 301 1325 dam
333 1279 708 1342 philosophorum
738 1279 968 1326 sententias
998 1277 1253 1342 digeffiffet,
1283 1277 1494 1341 opposuit

200 1350 278 1396 fibi
298 1349 599 1414 quaestionem
614 1385 627 1406 ,
645 1362 688 1397 et
699 1350 758 1396 ait
779 1367 790 1396 ε
808 1352 907 1397 Hoc
922 1350 1027 1397 loco
1045 1349 1162 1397 dicet
1181 1349 1358 1412 aliquis:
1380 1350 1492 1395 Cre-

201 1423 303 1469 dam
320 1440 408 1487 ego
421 1422 596 1469 coelum
616 1434 661 1486 et
685 1434 844 1468 terram
867 1423 974 1469 deos
996 1422 1108 1478 effe,
1131 1432 1174 1469 et
1191 1422 1315 1484 supra
1344 1421 1493 1467 lunam

203 1495 315 1541 alios
329 1530 342 1550 ‚
362 1495 474 1541 infra
488 1494 626 1541 alios?
647 1496 742 1558 Ego
766 1495 906 1541 feram
922 1508 994 1542 aut
1011 1495 1261 1551 Platonem,
1281 1508 1356 1540 aut
1376 1494 1496 1540 Peri-

203 1570 439 1632 pateticum
460 1571 735 1624 Stratonem,
755 1584 948 1632 quorum
979 1569 1084 1615 alter
1110 1567 1214 1615 fecit
1233 1569 1385 1615 Deum
1408 1568 1498 1613 fine

203 1658 428 1705 corpore,
454 1640 561 1688 alter
587 1640 675 1688 fine
699 1642 960 1688 animo?·Et
987 1642 1042 1688 ad
1078 1642 1166 1688 hoc
1195 1640 1462 1702 respondens
1479 1672 1494 1695 ,

203 1717 330 1776 Quid
346 1714 554 1762 tandem?
573 1714 713 1777 inquit
729 1732 739 1760 :
758 1716 949 1761 Veriora
966 1714 1046 1761 tibi
1060 1714 1262 1761 videntur
1276 1714 1332 1761 T.
1353 1713 1497 1772 Tatii,

203 1802 275 1835 aut
303 1789 511 1844 Romuli,
530 1802 601 1835 aut
618 1788 738 1835 Tulli
761 1788 937 1835 Hostilii
957 1789 1152 1835 somnia?
1169 1787 1423 1834 Cluacinam
1440 1789 1501 1834 T.

204 1862 359 1909 Tatius
372 1863 595 1910 dedicavit
613 1864 738 1910 deam
754 1900 767 1922 ‚
786 1863 936 1911 Picum
956 1863 1306 1927 Tiberinumque
1324 1863 1498 1909 Romu·-

204 1933 299 1991 lus,
326 1934 534 1981 Hostilius
564 1936 786 1982 Pavorem
814 1947 942 1998 atque
976 1935 1191 1982 pallorem
1211 1969 1224 1990 ,
1248 1935 1497 1981 teterrimos

206 2006 438 2054 hominum
461 2007 637 2055 affeflus
654 2025 664 2055 τ
683 2025 874 2072 quorum
900 2009 1003 2054 alter
1027 2007 1183 2056 mentis
1205 2007 1378 2055 territae
1400 2024 1498 2054 mo.

206 2094 278 2128 tus
294 2082 356 2129 est
369 2118 382 2141 ,
400 2082 507 2129 alter
523 2082 725 2145 corporis
738 2118 754 2140 ,
773 2099 827 2129 ne
842 2083 1023 2129 morbus
1040 2081 1218 2146 quidem
1229 2117 1243 2139 ,
1261 2081 1339 2127 *sed
1359 2082 1502 2128 color.

210 2156 333 2202 Haec
358 2157 538 2202 numina
572 2157 718 2218 potius
749 2158 924 2215 credes,
943 2169 986 2204 et
1015 2157 1147 2204 coelo
1175 2155 1394 2220 recipies?
1427 2158 1498 2203 De

209 2226 308 2290 ipsis
341 2245 452 2275 vero
491 2227 648 2274 ritibus
690 2228 927 2276 crudeliter
964 2228 1164 2290 turpibus
1197 2245 1328 2291 quam
1365 2228 1500 2274 libere

210 2301 374 2362 scripsit
395 2302 411 2348 ?
435 2302 508 2347 llle
525 2337 536 2358 ‚
562 2301 729 2364 inquit,
758 2301 907 2347 viriles
923 2300 997 2346 fibi
1020 2314 1161 2363 partes
1191 2314 1409 2363 amputat,
1426 2300 1500 2347 ille

212 2374 394 2423 lacertos
411 2375 538 2423 secat.
564 2376 655 2423 Ubi
685 2375 822 2423 fratos
853 2375 960 2423 deos
977 2375 1158 2435 timent,
1175 2373 1251 2438 qui
1268 2373 1325 2422 fic
1344 2372 1500 2439 propi-
