<?xml version="1.0" encoding="UTF-8"?>
<!DOCTYPE html PUBLIC "-//W3C//DTD XHTML 1.0 Transitional//EN"
    "http://www.w3.org/TR/xhtml1/DTD/xhtml1-transitional.dtd">
<html xmlns="http://www.w3.org/1999/xhtml" xml:lang="en" lang="en">
 <head>
  <title>
</title>
<meta http-equiv="Content-Type" content="text/html;charset=utf-8" />
  <meta name='ocr-system' content='tesseract 3.04.00' />
  <meta name='ocr-capabilities' content='ocr_page ocr_carea ocr_par ocr_line ocrx_word'/>
</head>
<body>
  <div class='ocr_page' id='page_1' title='image "./lannaeisenecaeph04seneuoft_0336.png"; bbox 0 0 1730 2870; ppageno 0'>
   <div class='ocr_carea' id='block_1_1' title="bbox 247 112 1291 173">
    <p class='ocr_par' dir='ltr' id='par_1_1' title="bbox 247 112 1291 173">
     <span class='ocr_line' id='line_1_1' title="bbox 247 112 1291 173; baseline 0.001 -14"><span class='ocrx_word' id='word_1_1' title='bbox 247 127 341 173; x_wconf 81' lang='lat'>330</span> <span class='ocrx_word' id='word_1_2' title='bbox 491 115 542 159; x_wconf 87' lang='lat' dir='ltr'>L.</span> <span class='ocrx_word' id='word_1_3' title='bbox 585 112 878 157; x_wconf 82' lang='lat' dir='ltr'><strong>ANNAEI</strong></span> <span class='ocrx_word' id='word_1_4' title='bbox 931 112 1291 160; x_wconf 82' lang='lat' dir='ltr'><strong>SENECAE</strong></span> 
     </span>
    </p>
   </div>
   <div class='ocr_carea' id='block_1_2' title="bbox 234 216 1535 2469">
    <p class='ocr_par' dir='ltr' id='par_1_2' title="bbox 238 216 1535 992">
     <span class='ocr_line' id='line_1_2' title="bbox 245 216 1532 282; baseline 0.002 -18"><span class='ocrx_word' id='word_1_5' title='bbox 245 218 375 264; x_wconf 88' lang='lat' dir='ltr'>mitto</span> <span class='ocrx_word' id='word_1_6' title='bbox 408 218 516 264; x_wconf 89' lang='lat' dir='ltr'>mihi</span> <span class='ocrx_word' id='word_1_7' title='bbox 552 234 635 264; x_wconf 88' lang='lat' dir='ltr'>nec</span> <span class='ocrx_word' id='word_1_8' title='bbox 671 233 744 264; x_wconf 88' lang='lat' dir='ltr'>eas</span> <span class='ocrx_word' id='word_1_9' title='bbox 783 216 964 280; x_wconf 90' lang='lat' dir='ltr'>quidem</span> <span class='ocrx_word' id='word_1_10' title='bbox 995 218 1230 281; x_wconf 86' lang='lat' dir='ltr'>opiniones</span> <span class='ocrx_word' id='word_1_11' title='bbox 1269 220 1532 282; x_wconf 78' lang='lat' dir='ltr'>praeterire,</span> 
     </span>
     <span class='ocr_line' id='line_1_3' title="bbox 244 288 1534 354; baseline -0.001 -17"><span class='ocrx_word' id='word_1_12' title='bbox 244 308 352 354; x_wconf 82' lang='lat' dir='ltr'>quas</span> <span class='ocrx_word' id='word_1_13' title='bbox 370 290 608 352; x_wconf 86' lang='lat' dir='ltr'>improbo:</span> <span class='ocrx_word' id='word_1_14' title='bbox 639 305 742 335; x_wconf 92' lang='lat' dir='ltr'>cum</span> <span class='ocrx_word' id='word_1_15' title='bbox 769 288 895 335; x_wconf 88' lang='lat' dir='ltr'>satius</span> <span class='ocrx_word' id='word_1_16' title='bbox 925 289 975 335; x_wconf 87' lang='lat' dir='ltr'>fit</span> <span class='ocrx_word' id='word_1_17' title='bbox 991 291 1191 337; x_wconf 87' lang='lat' dir='ltr'>omnium</span> <span class='ocrx_word' id='word_1_18' title='bbox 1216 291 1394 353; x_wconf 78' lang='lat' dir='ltr'>copiam</span> <span class='ocrx_word' id='word_1_19' title='bbox 1408 290 1534 350; x_wconf 82' lang='lat' dir='ltr'>fieri,</span> 
     </span>
     <span class='ocr_line' id='line_1_4' title="bbox 244 362 1533 426; baseline 0.002 -18"><span class='ocrx_word' id='word_1_20' title='bbox 244 376 288 408; x_wconf 80' lang='lat' dir='ltr'>et</span> <span class='ocrx_word' id='word_1_21' title='bbox 304 380 419 426; x_wconf 87' lang='lat' dir='ltr'>quae</span> <span class='ocrx_word' id='word_1_22' title='bbox 433 362 756 424; x_wconf 85' lang='lat' dir='ltr'>improbamus,</span> <span class='ocrx_word' id='word_1_23' title='bbox 777 362 983 408; x_wconf 85' lang='lat' dir='ltr'>damnare</span> <span class='ocrx_word' id='word_1_24' title='bbox 1002 362 1164 424; x_wconf 86' lang='lat' dir='ltr'>potius,</span> <span class='ocrx_word' id='word_1_25' title='bbox 1184 380 1319 426; x_wconf 84' lang='lat' dir='ltr'>quam</span> <span class='ocrx_word' id='word_1_26' title='bbox 1339 379 1533 426; x_wconf 84' lang='lat' dir='ltr'>praeter·</span> 
     </span>
     <span class='ocr_line' id='line_1_5' title="bbox 242 435 1534 499; baseline 0 -13"><span class='ocrx_word' id='word_1_27' title='bbox 242 440 318 486; x_wconf 86' lang='lat' dir='ltr'>ire.</span> <span class='ocrx_word' id='word_1_28' title='bbox 349 437 473 498; x_wconf 82' lang='lat' dir='ltr'><strong>Quid</strong></span> <span class='ocrx_word' id='word_1_29' title='bbox 508 453 616 499; x_wconf 89' lang='lat' dir='ltr'>ergo</span> <span class='ocrx_word' id='word_1_30' title='bbox 647 435 783 484; x_wconf 86' lang='lat' dir='ltr'>dicit?</span> <span class='ocrx_word' id='word_1_31' title='bbox 812 437 1066 497; x_wconf 85' lang='lat' dir='ltr'>Quomodo</span> <span class='ocrx_word' id='word_1_32' title='bbox 1101 437 1146 482; x_wconf 92' lang='lat' dir='ltr'>in</span> <span class='ocrx_word' id='word_1_33' title='bbox 1176 439 1299 486; x_wconf 91' lang='lat' dir='ltr'>dolio</span> <span class='ocrx_word' id='word_1_34' title='bbox 1325 438 1534 486; x_wconf 86' lang='lat' dir='ltr'>cantantis</span> 
     </span>
     <span class='ocr_line' id='line_1_6' title="bbox 245 508 1534 572; baseline 0 -15"><span class='ocrx_word' id='word_1_35' title='bbox 245 527 360 567; x_wconf 85' lang='lat' dir='ltr'>vox,</span> <span class='ocrx_word' id='word_1_36' title='bbox 381 526 460 572; x_wconf 90' lang='lat' dir='ltr'>per</span> <span class='ocrx_word' id='word_1_37' title='bbox 479 520 621 555; x_wconf 90' lang='lat' dir='ltr'>totum</span> <span class='ocrx_word' id='word_1_38' title='bbox 642 526 743 556; x_wconf 90' lang='lat' dir='ltr'>cum</span> <span class='ocrx_word' id='word_1_39' title='bbox 764 509 952 572; x_wconf 85' lang='lat' dir='ltr'>quadam</span> <span class='ocrx_word' id='word_1_40' title='bbox 972 508 1230 556; x_wconf 84' lang='lat' dir='ltr'>discussione</span> <span class='ocrx_word' id='word_1_41' title='bbox 1249 511 1464 571; x_wconf 87' lang='lat' dir='ltr'>percurrit</span> <span class='ocrx_word' id='word_1_42' title='bbox 1482 527 1534 557; x_wconf 86' lang='lat' dir='ltr'>ac</span> 
     </span>
     <span class='ocr_line' id='line_1_7' title="bbox 242 581 1533 641; baseline 0.001 -12"><span class='ocrx_word' id='word_1_43' title='bbox 242 583 416 629; x_wconf 84' lang='lat' dir='ltr'>resonat</span> <span class='ocrx_word' id='word_1_44' title='bbox 428 619 442 640; x_wconf 89' lang='lat'>,</span> <span class='ocrx_word' id='word_1_45' title='bbox 463 596 507 629; x_wconf 91' lang='lat' dir='ltr'>et</span> <span class='ocrx_word' id='word_1_46' title='bbox 525 595 613 629; x_wconf 90' lang='lat' dir='ltr'>tam</span> <span class='ocrx_word' id='word_1_47' title='bbox 631 583 791 631; x_wconf 90' lang='lat' dir='ltr'>leviter</span> <span class='ocrx_word' id='word_1_48' title='bbox 811 597 932 629; x_wconf 87' lang='lat' dir='ltr'>mota</span> <span class='ocrx_word' id='word_1_49' title='bbox 948 618 962 639; x_wconf 92' lang='lat'>,</span> <span class='ocrx_word' id='word_1_50' title='bbox 979 597 1125 629; x_wconf 82' lang='lat' dir='ltr'>tamen</span> <span class='ocrx_word' id='word_1_51' title='bbox 1145 581 1322 641; x_wconf 90' lang='lat' dir='ltr'><strong>circuit,</strong></span> <span class='ocrx_word' id='word_1_52' title='bbox 1336 601 1428 630; x_wconf 90' lang='lat' dir='ltr'>non</span> <span class='ocrx_word' id='word_1_53' title='bbox 1445 584 1533 631; x_wconf 86' lang='lat' dir='ltr'>fine</span> 
     </span>
     <span class='ocr_line' id='line_1_8' title="bbox 241 650 1529 716; baseline 0 -16"><span class='ocrx_word' id='word_1_54' title='bbox 241 655 359 700; x_wconf 59' lang='lat' dir='ltr'>taklu</span> <span class='ocrx_word' id='word_1_55' title='bbox 376 653 467 700; x_wconf 89' lang='lat' dir='ltr'>eius</span> <span class='ocrx_word' id='word_1_56' title='bbox 496 652 769 715; x_wconf 83' lang='lat' dir='ltr'>tumultuque</span> <span class='ocrx_word' id='word_1_57' title='bbox 783 687 798 708; x_wconf 89' lang='lat'>‚</span> <span class='ocrx_word' id='word_1_58' title='bbox 826 668 919 715; x_wconf 89' lang='lat' dir='ltr'>quo</span> <span class='ocrx_word' id='word_1_59' title='bbox 941 650 1104 698; x_wconf 86' lang='lat' dir='ltr'>inclusa</span> <span class='ocrx_word' id='word_1_60' title='bbox 1122 650 1208 698; x_wconf 90' lang='lat' dir='ltr'>est:</span> <span class='ocrx_word' id='word_1_61' title='bbox 1229 651 1286 699; x_wconf 84' lang='lat' dir='ltr'>fic</span> <span class='ocrx_word' id='word_1_62' title='bbox 1308 652 1529 716; x_wconf 87' lang='lat' dir='ltr'>spelunca-</span> 
     </span>
     <span class='ocr_line' id='line_1_9' title="bbox 238 721 1529 785; baseline 0.001 -14"><span class='ocrx_word' id='word_1_63' title='bbox 238 741 337 771; x_wconf 87' lang='lat' dir='ltr'>rum</span> <span class='ocrx_word' id='word_1_64' title='bbox 366 723 443 770; x_wconf 93' lang='lat' dir='ltr'>sub</span> <span class='ocrx_word' id='word_1_65' title='bbox 460 736 572 770; x_wconf 88' lang='lat' dir='ltr'>terra</span> <span class='ocrx_word' id='word_1_66' title='bbox 602 723 889 785; x_wconf 88' lang='lat' dir='ltr'>pendentium</span> <span class='ocrx_word' id='word_1_67' title='bbox 919 721 1094 771; x_wconf 83' lang='lat' dir='ltr'>vastitas</span> <span class='ocrx_word' id='word_1_68' title='bbox 1117 723 1247 769; x_wconf 84' lang='lat' dir='ltr'>habet</span> <span class='ocrx_word' id='word_1_69' title='bbox 1266 725 1364 770; x_wconf 73' lang='lat' dir='ltr'>aera</span> <span class='ocrx_word' id='word_1_70' title='bbox 1381 725 1529 783; x_wconf 81' lang='lat' dir='ltr'>suum3</span> 
     </span>
     <span class='ocr_line' id='line_1_10' title="bbox 241 794 1534 860; baseline 0.001 -17"><span class='ocrx_word' id='word_1_71' title='bbox 241 813 377 860; x_wconf 89' lang='lat' dir='ltr'>quem</span> <span class='ocrx_word' id='word_1_72' title='bbox 410 796 533 842; x_wconf 80' lang='lat' dir='ltr'>fimul</span> <span class='ocrx_word' id='word_1_73' title='bbox 561 796 667 842; x_wconf 86' lang='lat' dir='ltr'>alius</span> <span class='ocrx_word' id='word_1_74' title='bbox 701 795 885 858; x_wconf 87' lang='lat' dir='ltr'>superne</span> <span class='ocrx_word' id='word_1_75' title='bbox 921 794 1117 843; x_wconf 89' lang='lat' dir='ltr'>incidens</span> <span class='ocrx_word' id='word_1_76' title='bbox 1150 795 1374 858; x_wconf 86' lang='lat' dir='ltr'>percuffit,</span> <span class='ocrx_word' id='word_1_77' title='bbox 1404 797 1534 860; x_wconf 88' lang='lat' dir='ltr'>agitat</span> 
     </span>
     <span class='ocr_line' id='line_1_11' title="bbox 243 869 1535 933; baseline 0.002 -17"><span class='ocrx_word' id='word_1_78' title='bbox 243 887 335 917; x_wconf 87' lang='lat' dir='ltr'>non</span> <span class='ocrx_word' id='word_1_79' title='bbox 365 870 513 927; x_wconf 80' lang='lat' dir='ltr'>aliter,</span> <span class='ocrx_word' id='word_1_80' title='bbox 539 886 672 931; x_wconf 85' lang='lat' dir='ltr'>quam</span> <span class='ocrx_word' id='word_1_81' title='bbox 703 869 773 915; x_wconf 87' lang='lat' dir='ltr'>illa</span> <span class='ocrx_word' id='word_1_82' title='bbox 807 870 860 915; x_wconf 90' lang='lat' dir='ltr'>de</span> <span class='ocrx_word' id='word_1_83' title='bbox 893 870 1052 933; x_wconf 86' lang='lat' dir='ltr'>quibus</span> <span class='ocrx_word' id='word_1_84' title='bbox 1083 870 1215 933; x_wconf 82' lang='lat' dir='ltr'>paulo</span> <span class='ocrx_word' id='word_1_85' title='bbox 1244 884 1344 918; x_wconf 85' lang='lat' dir='ltr'>ante</span> <span class='ocrx_word' id='word_1_86' title='bbox 1374 871 1535 931; x_wconf 86' lang='lat' dir='ltr'>retuli,</span> 
     </span>
     <span class='ocr_line' id='line_1_12' title="bbox 241 944 1057 992; baseline -0.001 0"><span class='ocrx_word' id='word_1_87' title='bbox 241 945 388 992; x_wconf 83' lang='lat' dir='ltr'>inania</span> <span class='ocrx_word' id='word_1_88' title='bbox 417 944 561 990; x_wconf 89' lang='lat' dir='ltr'>indito</span> <span class='ocrx_word' id='word_1_89' title='bbox 579 945 773 991; x_wconf 87' lang='lat' dir='ltr'>clamore</span> <span class='ocrx_word' id='word_1_90' title='bbox 803 945 1057 992; x_wconf 84' lang='lat' dir='ltr'>sonuerunt.</span> 
     </span>
    </p>

    <p class='ocr_par' dir='ltr' id='par_1_3' title="bbox 234 1017 1532 2469">
     <span class='ocr_line' id='line_1_13' title="bbox 307 1017 1532 1084; baseline 0.002 -19"><span class='ocrx_word' id='word_1_91' title='bbox 307 1021 416 1066; x_wconf 86' lang='lat' dir='ltr'>XX.</span> <span class='ocrx_word' id='word_1_92' title='bbox 444 1019 687 1066; x_wconf 83' lang='lat' dir='ltr'>Veniamus</span> <span class='ocrx_word' id='word_1_93' title='bbox 712 1036 830 1066; x_wconf 89' lang='lat' dir='ltr'>nunc</span> <span class='ocrx_word' id='word_1_94' title='bbox 848 1020 904 1065; x_wconf 88' lang='lat' dir='ltr'>ad</span> <span class='ocrx_word' id='word_1_95' title='bbox 926 1035 1030 1074; x_wconf 87' lang='lat' dir='ltr'>eos,</span> <span class='ocrx_word' id='word_1_96' title='bbox 1058 1018 1133 1081; x_wconf 89' lang='lat' dir='ltr'>qui</span> <span class='ocrx_word' id='word_1_97' title='bbox 1157 1017 1307 1065; x_wconf 85' lang='lat' dir='ltr'>omnia</span> <span class='ocrx_word' id='word_1_98' title='bbox 1327 1017 1403 1065; x_wconf 85' lang='lat' dir='ltr'>ista</span> <span class='ocrx_word' id='word_1_99' title='bbox 1421 1037 1532 1084; x_wconf 86' lang='lat' dir='ltr'>quae</span> 
     </span>
     <span class='ocr_line' id='line_1_14' title="bbox 239 1089 1532 1153; baseline -0.001 -15"><span class='ocrx_word' id='word_1_100' title='bbox 239 1091 383 1149; x_wconf 85' lang='lat' dir='ltr'>retuli,</span> <span class='ocrx_word' id='word_1_101' title='bbox 402 1092 448 1137; x_wconf 91' lang='lat' dir='ltr'>in</span> <span class='ocrx_word' id='word_1_102' title='bbox 468 1091 591 1137; x_wconf 86' lang='lat' dir='ltr'>causa</span> <span class='ocrx_word' id='word_1_103' title='bbox 610 1090 697 1138; x_wconf 81' lang='lat' dir='ltr'>effe</span> <span class='ocrx_word' id='word_1_104' title='bbox 717 1091 937 1148; x_wconf 85' lang='lat' dir='ltr'>dixerunt,</span> <span class='ocrx_word' id='word_1_105' title='bbox 954 1102 1024 1137; x_wconf 91' lang='lat' dir='ltr'>aut</span> <span class='ocrx_word' id='word_1_106' title='bbox 1043 1106 1096 1137; x_wconf 85' lang='lat' dir='ltr'>ex</span> <span class='ocrx_word' id='word_1_107' title='bbox 1115 1089 1180 1137; x_wconf 87' lang='lat' dir='ltr'>his</span> <span class='ocrx_word' id='word_1_108' title='bbox 1200 1091 1333 1153; x_wconf 90' lang='lat' dir='ltr'>plura.</span> <span class='ocrx_word' id='word_1_109' title='bbox 1353 1092 1532 1137; x_wconf 90' lang='lat' dir='ltr'>Demo-</span> 
     </span>
     <span class='ocr_line' id='line_1_15' title="bbox 239 1163 1532 1228; baseline -0.002 -15"><span class='ocrx_word' id='word_1_110' title='bbox 239 1166 375 1213; x_wconf 86' lang='lat' dir='ltr'>critus</span> <span class='ocrx_word' id='word_1_111' title='bbox 395 1165 516 1227; x_wconf 85' lang='lat' dir='ltr'>plura</span> <span class='ocrx_word' id='word_1_112' title='bbox 530 1175 665 1228; x_wconf 86' lang='lat' dir='ltr'>putat.</span> <span class='ocrx_word' id='word_1_113' title='bbox 684 1164 757 1210; x_wconf 86' lang='lat' dir='ltr'>Ait</span> <span class='ocrx_word' id='word_1_114' title='bbox 776 1163 917 1222; x_wconf 86' lang='lat' dir='ltr'>enim,</span> <span class='ocrx_word' id='word_1_115' title='bbox 936 1178 1108 1210; x_wconf 89' lang='lat' dir='ltr'>motum</span> <span class='ocrx_word' id='word_1_116' title='bbox 1128 1163 1365 1226; x_wconf 88' lang='lat' dir='ltr'>aliquando</span> <span class='ocrx_word' id='word_1_117' title='bbox 1383 1164 1532 1226; x_wconf 88' lang='lat' dir='ltr'>spiritu</span> 
     </span>
     <span class='ocr_line' id='line_1_16' title="bbox 240 1236 1532 1302; baseline -0.002 -17"><span class='ocrx_word' id='word_1_118' title='bbox 240 1236 336 1285; x_wconf 85' lang='lat' dir='ltr'>fieri</span> <span class='ocrx_word' id='word_1_119' title='bbox 350 1274 363 1296; x_wconf 91' lang='lat'>,</span> <span class='ocrx_word' id='word_1_120' title='bbox 386 1237 623 1301; x_wconf 83' lang='lat' dir='ltr'>aliquando</span> <span class='ocrx_word' id='word_1_121' title='bbox 646 1253 756 1302; x_wconf 90' lang='lat' dir='ltr'>aqua</span> <span class='ocrx_word' id='word_1_122' title='bbox 772 1270 787 1293; x_wconf 92' lang='lat'>‚</span> <span class='ocrx_word' id='word_1_123' title='bbox 815 1236 1050 1299; x_wconf 84' lang='lat' dir='ltr'>aliquando</span> <span class='ocrx_word' id='word_1_124' title='bbox 1069 1250 1261 1299; x_wconf 89' lang='lat' dir='ltr'>utroque</span> <span class='ocrx_word' id='word_1_125' title='bbox 1283 1254 1293 1282; x_wconf 92' lang='lat'><strong>:</strong></span> <span class='ocrx_word' id='word_1_126' title='bbox 1316 1250 1361 1283; x_wconf 89' lang='lat' dir='ltr'>et</span> <span class='ocrx_word' id='word_1_127' title='bbox 1381 1236 1428 1283; x_wconf 92' lang='lat' dir='ltr'>id</span> <span class='ocrx_word' id='word_1_128' title='bbox 1445 1237 1532 1284; x_wconf 87' lang='lat' dir='ltr'>hoc</span> 
     </span>
     <span class='ocr_line' id='line_1_17' title="bbox 240 1308 1530 1374; baseline -0.001 -17"><span class='ocrx_word' id='word_1_129' title='bbox 240 1311 381 1360; x_wconf 88' lang='lat' dir='ltr'>modo</span> <span class='ocrx_word' id='word_1_130' title='bbox 400 1309 692 1374; x_wconf 84' lang='lat' dir='ltr'>prosequitur.</span> <span class='ocrx_word' id='word_1_131' title='bbox 718 1311 878 1374; x_wconf 85' lang='lat' dir='ltr'>Aliqua</span> <span class='ocrx_word' id='word_1_132' title='bbox 897 1326 994 1372; x_wconf 87' lang='lat' dir='ltr'>pars</span> <span class='ocrx_word' id='word_1_133' title='bbox 1012 1321 1151 1355; x_wconf 84' lang='lat' dir='ltr'>terrae</span> <span class='ocrx_word' id='word_1_134' title='bbox 1168 1325 1368 1356; x_wconf 85' lang='lat' dir='ltr'>concava</span> <span class='ocrx_word' id='word_1_135' title='bbox 1383 1308 1444 1356; x_wconf 88' lang='lat' dir='ltr'>est</span> <span class='ocrx_word' id='word_1_136' title='bbox 1456 1344 1471 1367; x_wconf 92' lang='lat'>‚</span> <span class='ocrx_word' id='word_1_137' title='bbox 1488 1322 1530 1356; x_wconf 89' lang='lat' dir='ltr'>et</span> 
     </span>
     <span class='ocr_line' id='line_1_18' title="bbox 238 1382 1530 1449; baseline -0.003 -17"><span class='ocrx_word' id='word_1_138' title='bbox 238 1385 288 1432; x_wconf 84' lang='lat' dir='ltr'>in</span> <span class='ocrx_word' id='word_1_139' title='bbox 313 1386 425 1433; x_wconf 89' lang='lat' dir='ltr'>hanc</span> <span class='ocrx_word' id='word_1_140' title='bbox 450 1402 586 1449; x_wconf 86' lang='lat' dir='ltr'>aquae</span> <span class='ocrx_word' id='word_1_141' title='bbox 613 1401 769 1448; x_wconf 84' lang='lat' dir='ltr'>magna</span> <span class='ocrx_word' id='word_1_142' title='bbox 791 1385 862 1432; x_wconf 86' lang='lat' dir='ltr'>vis</span> <span class='ocrx_word' id='word_1_143' title='bbox 883 1382 1080 1430; x_wconf 81' lang='lat' dir='ltr'>confluit.</span> <span class='ocrx_word' id='word_1_144' title='bbox 1102 1384 1167 1428; x_wconf 81' lang='lat' dir='ltr'>Ex</span> <span class='ocrx_word' id='word_1_145' title='bbox 1185 1382 1267 1428; x_wconf 87' lang='lat' dir='ltr'>hac</span> <span class='ocrx_word' id='word_1_146' title='bbox 1287 1382 1349 1428; x_wconf 87' lang='lat' dir='ltr'>est</span> <span class='ocrx_word' id='word_1_147' title='bbox 1365 1382 1530 1445; x_wconf 85' lang='lat' dir='ltr'>aliquid</span> 
     </span>
     <span class='ocr_line' id='line_1_19' title="bbox 237 1453 1530 1518; baseline -0.004 -14"><span class='ocrx_word' id='word_1_148' title='bbox 237 1470 397 1514; x_wconf 88' lang='lat' dir='ltr'>tenue,</span> <span class='ocrx_word' id='word_1_149' title='bbox 427 1469 471 1504; x_wconf 87' lang='lat' dir='ltr'>et</span> <span class='ocrx_word' id='word_1_150' title='bbox 499 1457 654 1505; x_wconf 85' lang='lat' dir='ltr'>ceteris</span> <span class='ocrx_word' id='word_1_151' title='bbox 679 1456 903 1518; x_wconf 80' lang='lat' dir='ltr'>liquidius.</span> <span class='ocrx_word' id='word_1_152' title='bbox 930 1456 1032 1501; x_wconf 89' lang='lat' dir='ltr'>Hoc</span> <span class='ocrx_word' id='word_1_153' title='bbox 1063 1471 1164 1501; x_wconf 89' lang='lat' dir='ltr'>cum</span> <span class='ocrx_word' id='word_1_154' title='bbox 1194 1453 1530 1514; x_wconf 84' lang='lat' dir='ltr'>superveniente</span> 
     </span>
     <span class='ocr_line' id='line_1_20' title="bbox 236 1526 1530 1594; baseline -0.002 -18"><span class='ocrx_word' id='word_1_155' title='bbox 236 1532 453 1594; x_wconf 85' lang='lat' dir='ltr'>gravitate</span> <span class='ocrx_word' id='word_1_156' title='bbox 472 1531 683 1577; x_wconf 70' lang='lat' dir='ltr'>reie&amp;um</span> <span class='ocrx_word' id='word_1_157' title='bbox 710 1529 795 1587; x_wconf 89' lang='lat' dir='ltr'>est,</span> <span class='ocrx_word' id='word_1_158' title='bbox 824 1529 953 1576; x_wconf 88' lang='lat' dir='ltr'>terris</span> <span class='ocrx_word' id='word_1_159' title='bbox 969 1527 1147 1574; x_wconf 85' lang='lat' dir='ltr'>illiditur</span> <span class='ocrx_word' id='word_1_160' title='bbox 1160 1562 1175 1584; x_wconf 88' lang='lat'>‚</span> <span class='ocrx_word' id='word_1_161' title='bbox 1193 1541 1238 1574; x_wconf 87' lang='lat' dir='ltr'>et</span> <span class='ocrx_word' id='word_1_162' title='bbox 1254 1526 1344 1573; x_wconf 88' lang='lat' dir='ltr'>illas</span> <span class='ocrx_word' id='word_1_163' title='bbox 1359 1539 1530 1573; x_wconf 88' lang='lat' dir='ltr'>movet.</span> 
     </span>
     <span class='ocr_line' id='line_1_21' title="bbox 236 1600 1529 1667; baseline -0.004 -16"><span class='ocrx_word' id='word_1_164' title='bbox 236 1606 336 1652; x_wconf 86' lang='lat' dir='ltr'>Nec</span> <span class='ocrx_word' id='word_1_165' title='bbox 368 1605 486 1652; x_wconf 89' lang='lat' dir='ltr'>enim</span> <span class='ocrx_word' id='word_1_166' title='bbox 518 1604 720 1651; x_wconf 55' lang='lat' dir='ltr'>fluetuari</span> <span class='ocrx_word' id='word_1_167' title='bbox 746 1602 890 1667; x_wconf 84' lang='lat' dir='ltr'>potest</span> <span class='ocrx_word' id='word_1_168' title='bbox 919 1603 1007 1650; x_wconf 85' lang='lat' dir='ltr'>fine</span> <span class='ocrx_word' id='word_1_169' title='bbox 1034 1615 1158 1649; x_wconf 91' lang='lat' dir='ltr'>motu</span> <span class='ocrx_word' id='word_1_170' title='bbox 1187 1601 1305 1659; x_wconf 80' lang='lat' dir='ltr'>eiuS‚</span> <span class='ocrx_word' id='word_1_171' title='bbox 1330 1600 1374 1647; x_wconf 89' lang='lat' dir='ltr'>in</span> <span class='ocrx_word' id='word_1_172' title='bbox 1405 1601 1529 1664; x_wconf 91' lang='lat' dir='ltr'>quod</span> 
     </span>
     <span class='ocr_line' id='line_1_22' title="bbox 235 1673 1531 1740; baseline -0.003 -16"><span class='ocrx_word' id='word_1_173' title='bbox 235 1677 511 1740; x_wconf 83' lang='lat' dir='ltr'>impingitur.</span> <span class='ocrx_word' id='word_1_174' title='bbox 541 1677 793 1724; x_wconf 82' lang='lat' dir='ltr'>Etiamnum</span> <span class='ocrx_word' id='word_1_175' title='bbox 827 1676 949 1739; x_wconf 89' lang='lat' dir='ltr'>quod</span> <span class='ocrx_word' id='word_1_176' title='bbox 980 1675 1119 1721; x_wconf 91' lang='lat' dir='ltr'>modo</span> <span class='ocrx_word' id='word_1_177' title='bbox 1139 1674 1194 1721; x_wconf 91' lang='lat' dir='ltr'>de</span> <span class='ocrx_word' id='word_1_178' title='bbox 1223 1673 1375 1735; x_wconf 88' lang='lat' dir='ltr'>spiritu</span> <span class='ocrx_word' id='word_1_179' title='bbox 1409 1673 1531 1720; x_wconf 81' lang='lat' dir='ltr'>dice-</span> 
     </span>
     <span class='ocr_line' id='line_1_23' title="bbox 238 1746 1527 1813; baseline -0.005 -15"><span class='ocrx_word' id='word_1_180' title='bbox 238 1752 392 1798; x_wconf 83' lang='lat' dir='ltr'>bamus</span> <span class='ocrx_word' id='word_1_181' title='bbox 408 1787 422 1808; x_wconf 93' lang='lat'>,</span> <span class='ocrx_word' id='word_1_182' title='bbox 454 1751 508 1797; x_wconf 89' lang='lat' dir='ltr'>de</span> <span class='ocrx_word' id='word_1_183' title='bbox 529 1767 640 1813; x_wconf 85' lang='lat' dir='ltr'>aqua</span> <span class='ocrx_word' id='word_1_184' title='bbox 661 1765 842 1812; x_wconf 82' lang='lat' dir='ltr'>quoque</span> <span class='ocrx_word' id='word_1_185' title='bbox 861 1749 1094 1796; x_wconf 87' lang='lat' dir='ltr'>dicendum</span> <span class='ocrx_word' id='word_1_186' title='bbox 1116 1746 1187 1793; x_wconf 89' lang='lat' dir='ltr'>est.</span> <span class='ocrx_word' id='word_1_187' title='bbox 1218 1746 1307 1793; x_wconf 88' lang='lat' dir='ltr'>Ubi</span> <span class='ocrx_word' id='word_1_188' title='bbox 1326 1746 1372 1792; x_wconf 90' lang='lat' dir='ltr'>in</span> <span class='ocrx_word' id='word_1_189' title='bbox 1390 1763 1527 1792; x_wconf 89' lang='lat' dir='ltr'>unum</span> 
     </span>
     <span class='ocr_line' id='line_1_24' title="bbox 234 1819 1527 1888; baseline -0.005 -18"><span class='ocrx_word' id='word_1_190' title='bbox 234 1824 384 1873; x_wconf 85' lang='lat' dir='ltr'>locum</span> <span class='ocrx_word' id='word_1_191' title='bbox 410 1824 617 1888; x_wconf 86' lang='lat' dir='ltr'>congesta</span> <span class='ocrx_word' id='word_1_192' title='bbox 648 1823 738 1881; x_wconf 88' lang='lat' dir='ltr'>est,</span> <span class='ocrx_word' id='word_1_193' title='bbox 774 1835 816 1870; x_wconf 87' lang='lat' dir='ltr'>et</span> <span class='ocrx_word' id='word_1_194' title='bbox 843 1839 999 1885; x_wconf 82' lang='lat' dir='ltr'>capere</span> <span class='ocrx_word' id='word_1_195' title='bbox 1033 1822 1074 1868; x_wconf 86' lang='lat' dir='ltr'>se</span> <span class='ocrx_word' id='word_1_196' title='bbox 1103 1820 1251 1878; x_wconf 87' lang='lat' dir='ltr'>defiit,</span> <span class='ocrx_word' id='word_1_197' title='bbox 1282 1819 1431 1881; x_wconf 82' lang='lat' dir='ltr'>aliquo</span> <span class='ocrx_word' id='word_1_198' title='bbox 1457 1819 1527 1864; x_wconf 86' lang='lat' dir='ltr'>in·</span> 
     </span>
     <span class='ocr_line' id='line_1_25' title="bbox 238 1893 1528 1961; baseline -0.005 -16"><span class='ocrx_word' id='word_1_199' title='bbox 238 1899 433 1956; x_wconf 88' lang='lat' dir='ltr'>cumbit,</span> <span class='ocrx_word' id='word_1_200' title='bbox 464 1911 508 1947; x_wconf 89' lang='lat' dir='ltr'>et</span> <span class='ocrx_word' id='word_1_201' title='bbox 527 1898 676 1961; x_wconf 88' lang='lat' dir='ltr'>primo</span> <span class='ocrx_word' id='word_1_202' title='bbox 703 1897 820 1945; x_wconf 88' lang='lat' dir='ltr'>viam</span> <span class='ocrx_word' id='word_1_203' title='bbox 848 1897 1046 1959; x_wconf 89' lang='lat' dir='ltr'>pondere</span> <span class='ocrx_word' id='word_1_204' title='bbox 1065 1893 1234 1957; x_wconf 82' lang='lat' dir='ltr'>aperit,</span> <span class='ocrx_word' id='word_1_205' title='bbox 1268 1894 1423 1940; x_wconf 91' lang='lat' dir='ltr'>deinde</span> <span class='ocrx_word' id='word_1_206' title='bbox 1441 1893 1528 1940; x_wconf 88' lang='lat' dir='ltr'>im-</span> 
     </span>
     <span class='ocr_line' id='line_1_26' title="bbox 236 1965 1529 2034; baseline -0.005 -14"><span class='ocrx_word' id='word_1_207' title='bbox 236 1985 353 2034; x_wconf 84' lang='lat' dir='ltr'>petu.</span> <span class='ocrx_word' id='word_1_208' title='bbox 384 1974 482 2020; x_wconf 87' lang='lat' dir='ltr'>Nec</span> <span class='ocrx_word' id='word_1_209' title='bbox 510 1973 630 2019; x_wconf 86' lang='lat' dir='ltr'>enim</span> <span class='ocrx_word' id='word_1_210' title='bbox 650 1972 771 2018; x_wconf 87' lang='lat' dir='ltr'>exire</span> <span class='ocrx_word' id='word_1_211' title='bbox 801 1969 878 2016; x_wconf 78' lang='lat' dir='ltr'>nisi</span> <span class='ocrx_word' id='word_1_212' title='bbox 910 1985 986 2031; x_wconf 88' lang='lat' dir='ltr'>per</span> <span class='ocrx_word' id='word_1_213' title='bbox 1004 1968 1223 2015; x_wconf 82' lang='lat' dir='ltr'>devexum</span> <span class='ocrx_word' id='word_1_214' title='bbox 1243 1965 1417 2028; x_wconf 88' lang='lat' dir='ltr'>potest,</span> <span class='ocrx_word' id='word_1_215' title='bbox 1453 1966 1529 2013; x_wconf 89' lang='lat' dir='ltr'>diu</span> 
     </span>
     <span class='ocr_line' id='line_1_27' title="bbox 234 2037 1528 2098; baseline -0.004 -9"><span class='ocrx_word' id='word_1_216' title='bbox 234 2043 427 2098; x_wconf 85' lang='lat' dir='ltr'>inclusa;</span> <span class='ocrx_word' id='word_1_217' title='bbox 461 2060 544 2091; x_wconf 88' lang='lat' dir='ltr'>nec</span> <span class='ocrx_word' id='word_1_218' title='bbox 575 2044 621 2089; x_wconf 92' lang='lat' dir='ltr'>in</span> <span class='ocrx_word' id='word_1_219' title='bbox 645 2042 860 2090; x_wconf 57' lang='lat' dir='ltr'>diresstum</span> <span class='ocrx_word' id='word_1_220' title='bbox 882 2041 1036 2087; x_wconf 85' lang='lat' dir='ltr'>cadere</span> <span class='ocrx_word' id='word_1_221' title='bbox 1065 2038 1320 2094; x_wconf 86' lang='lat' dir='ltr'>moderate,</span> <span class='ocrx_word' id='word_1_222' title='bbox 1349 2050 1420 2084; x_wconf 88' lang='lat' dir='ltr'>aut</span> <span class='ocrx_word' id='word_1_223' title='bbox 1439 2037 1528 2084; x_wconf 83' lang='lat' dir='ltr'>fine</span> 
     </span>
     <span class='ocr_line' id='line_1_28' title="bbox 236 2112 1528 2178; baseline -0.005 -13"><span class='ocrx_word' id='word_1_224' title='bbox 236 2117 524 2165; x_wconf 75' lang='lat' dir='ltr'>concussione</span> <span class='ocrx_word' id='word_1_225' title='bbox 543 2131 716 2173; x_wconf 89' lang='lat' dir='ltr'>eorum,</span> <span class='ocrx_word' id='word_1_226' title='bbox 735 2131 813 2177; x_wconf 86' lang='lat' dir='ltr'>per</span> <span class='ocrx_word' id='word_1_227' title='bbox 828 2130 941 2178; x_wconf 88' lang='lat' dir='ltr'>quae</span> <span class='ocrx_word' id='word_1_228' title='bbox 957 2125 999 2159; x_wconf 88' lang='lat' dir='ltr'>et</span> <span class='ocrx_word' id='word_1_229' title='bbox 1016 2113 1060 2158; x_wconf 91' lang='lat' dir='ltr'>in</span> <span class='ocrx_word' id='word_1_230' title='bbox 1080 2129 1191 2176; x_wconf 89' lang='lat' dir='ltr'>quae</span> <span class='ocrx_word' id='word_1_231' title='bbox 1210 2112 1337 2160; x_wconf 90' lang='lat' dir='ltr'>cadit.</span> <span class='ocrx_word' id='word_1_232' title='bbox 1350 2112 1394 2158; x_wconf 85' lang='lat' dir='ltr'>Si</span> <span class='ocrx_word' id='word_1_233' title='bbox 1416 2129 1528 2159; x_wconf 84' lang='lat' dir='ltr'>vero</span> 
     </span>
     <span class='ocr_line' id='line_1_29' title="bbox 237 2182 1524 2250; baseline -0.006 -14"><span class='ocrx_word' id='word_1_234' title='bbox 237 2207 341 2236; x_wconf 89' lang='lat' dir='ltr'>cum</span> <span class='ocrx_word' id='word_1_235' title='bbox 372 2189 458 2235; x_wconf 83' lang='lat' dir='ltr'>iam</span> <span class='ocrx_word' id='word_1_236' title='bbox 478 2187 571 2250; x_wconf 90' lang='lat' dir='ltr'>rapi</span> <span class='ocrx_word' id='word_1_237' title='bbox 603 2186 824 2249; x_wconf 85' lang='lat' dir='ltr'>coeperit,</span> <span class='ocrx_word' id='word_1_238' title='bbox 853 2184 1002 2247; x_wconf 87' lang='lat' dir='ltr'>aliquo</span> <span class='ocrx_word' id='word_1_239' title='bbox 1022 2184 1126 2230; x_wconf 86' lang='lat' dir='ltr'>loco</span> <span class='ocrx_word' id='word_1_240' title='bbox 1154 2182 1364 2238; x_wconf 86' lang='lat' dir='ltr'>substitit,</span> <span class='ocrx_word' id='word_1_241' title='bbox 1394 2195 1436 2229; x_wconf 91' lang='lat' dir='ltr'>et</span> <span class='ocrx_word' id='word_1_242' title='bbox 1454 2183 1524 2228; x_wconf 88' lang='lat' dir='ltr'>illa</span> 
     </span>
     <span class='ocr_line' id='line_1_30' title="bbox 236 2255 1524 2314; baseline -0.008 -5"><span class='ocrx_word' id='word_1_243' title='bbox 236 2263 306 2309; x_wconf 76' lang='lat' dir='ltr'>vis</span> <span class='ocrx_word' id='word_1_244' title='bbox 330 2260 525 2308; x_wconf 85' lang='lat' dir='ltr'>fluminis</span> <span class='ocrx_word' id='word_1_245' title='bbox 546 2261 590 2306; x_wconf 94' lang='lat' dir='ltr'>in</span> <span class='ocrx_word' id='word_1_246' title='bbox 619 2259 661 2305; x_wconf 92' lang='lat' dir='ltr'>se</span> <span class='ocrx_word' id='word_1_247' title='bbox 690 2259 892 2305; x_wconf 87' lang='lat' dir='ltr'>revoluta</span> <span class='ocrx_word' id='word_1_248' title='bbox 919 2255 1002 2314; x_wconf 85' lang='lat' dir='ltr'>est,</span> <span class='ocrx_word' id='word_1_249' title='bbox 1037 2255 1082 2301; x_wconf 90' lang='lat' dir='ltr'>in</span> <span class='ocrx_word' id='word_1_250' title='bbox 1102 2270 1412 2303; x_wconf 86' lang='lat' dir='ltr'>occurrentem</span> <span class='ocrx_word' id='word_1_251' title='bbox 1432 2267 1524 2301; x_wconf 84' lang='lat' dir='ltr'>ter-</span> 
     </span>
     <span class='ocr_line' id='line_1_31' title="bbox 238 2326 1521 2394; baseline -0.008 -14"><span class='ocrx_word' id='word_1_252' title='bbox 238 2350 332 2380; x_wconf 83' lang='lat' dir='ltr'>ram</span> <span class='ocrx_word' id='word_1_253' title='bbox 351 2332 599 2394; x_wconf 84' lang='lat' dir='ltr'>repellitur,</span> <span class='ocrx_word' id='word_1_254' title='bbox 633 2346 676 2377; x_wconf 87' lang='lat' dir='ltr'>et</span> <span class='ocrx_word' id='word_1_255' title='bbox 694 2330 809 2376; x_wconf 86' lang='lat' dir='ltr'>illam</span> <span class='ocrx_word' id='word_1_256' title='bbox 823 2365 837 2387; x_wconf 87' lang='lat'>‚</span> <span class='ocrx_word' id='word_1_257' title='bbox 863 2345 951 2392; x_wconf 87' lang='lat' dir='ltr'>qua</span> <span class='ocrx_word' id='word_1_258' title='bbox 971 2340 1090 2391; x_wconf 89' lang='lat' dir='ltr'>parte</span> <span class='ocrx_word' id='word_1_259' title='bbox 1120 2326 1310 2373; x_wconf 86' lang='lat' dir='ltr'>maxime</span> <span class='ocrx_word' id='word_1_260' title='bbox 1330 2326 1521 2388; x_wconf 86' lang='lat' dir='ltr'>pendet,</span> 
     </span>
     <span class='ocr_line' id='line_1_32' title="bbox 238 2396 1521 2469; baseline -0.007 -16"><span class='ocrx_word' id='word_1_261' title='bbox 238 2405 437 2469; x_wconf 74' lang='lat' dir='ltr'>exagitat.</span> <span class='ocrx_word' id='word_1_262' title='bbox 475 2406 702 2453; x_wconf 80' lang='lat' dir='ltr'>Praeterea</span> <span class='ocrx_word' id='word_1_263' title='bbox 734 2401 970 2467; x_wconf 82' lang='lat' dir='ltr'>aliquando</span> <span class='ocrx_word' id='word_1_264' title='bbox 1007 2398 1246 2449; x_wconf 65' lang='lat' dir='ltr'>madefasta</span> <span class='ocrx_word' id='word_1_265' title='bbox 1280 2398 1435 2455; x_wconf 86' lang='lat' dir='ltr'>tellus,</span> <span class='ocrx_word' id='word_1_266' title='bbox 1467 2396 1521 2444; x_wconf 90' lang='lat' dir='ltr'>li-</span> 
     </span>
    </p>
   </div>
  </div>
 </body>
</html>
