1730 2870
239 162 328 207 104
469 150 517 200 L.
563 149 868 195 ANNAEI
919 151 1285 197 SENECAE

230 255 335 302 bent
376 256 606 319 proprium
640 255 846 320 quiddam
869 291 883 313 ‚
928 271 972 303 et
1007 273 1032 304 a
1060 257 1323 320 corporibus
1360 258 1510 307 seduc-

231 342 351 374 tum:
379 339 615 390 tanquam,
645 327 782 375 video
811 328 1029 374 Catonem
1064 329 1386 375 ambulantem:
1422 331 1509 377 hoc

230 397 374 445 sensus
407 398 594 446 ostendit
611 434 625 457 ‚
657 399 824 447 animus
843 400 994 447 credit.
1014 401 1188 463 Corpus
1207 401 1266 448 est
1297 403 1417 465 quod
1436 403 1509 450 vi·

232 470 320 517 deo
337 505 350 528 ,
379 470 449 517 cui
482 483 524 516 et
543 472 700 518 oculos
718 507 733 532 ,
757 485 800 519 et
829 471 1022 518 animum
1050 473 1227 519 intendi.
1246 475 1369 521 Dico
1388 474 1510 520 dein-

230 547 313 599 de9
352 543 466 589 Cato
497 543 686 590 ambulat
717 563 728 590 :
765 561 857 591 non
885 560 1046 608 corpus
1080 545 1257 608 quidem
1293 546 1355 593 est
1387 548 1510 609 quo'd

228 631 345 662 nunc
371 615 562 678 loquor,
585 617 654 664 sed
679 617 997 664 enuntiativum
1029 617 1238 679 quiddam
1268 618 1321 664 de
1346 635 1509 681 corpo-

231 704 309 734 re:
339 690 460 750 quod
488 689 557 735 alii
587 689 765 737 effatum
795 704 983 747 vocant,
1012 691 1087 736 alii
1112 691 1411 753 enuntiatum,
1435 691 1507 737 alii

231 759 437 807 edifiium.
475 761 545 807 Sic
576 779 676 808 cum
707 762 892 808 dicimus
923 762 1202 824 sapientiam,
1233 763 1508 826 incorporale

231 833 440 895 quiddam
468 834 746 898 intelligimus
767 854 777 880 :
799 852 901 881 cum
920 836 1106 882 dicimus
1120 868 1133 891 ‚
1164 836 1286 896 Sapit
1306 854 1317 882 ε
1336 838 1389 883 de
1408 854 1510 884 cor-

231 920 343 965 pore
372 904 608 967 loquimur.
638 906 876 952 Plurimum
910 919 1055 953 autem
1076 907 1273 964 interest,
1297 919 1442 953 utrum
1461 909 1521 954 ila

162 1003 174 1017 ο
234 977 306 1023 lud
335 978 481 1034 dicas,
506 995 559 1040 an
585 979 639 1025 de
659 979 748 1025 illo.
774 980 979 1026 Putemus
995 980 1038 1025 in
1066 980 1302 1042 praesentia
1323 979 1398 1025 ista
1421 980 1510 1027 duo

233 1049 316 1095 effe
339 1067 349 1095 ε
368 1052 566 1098 nondum
590 1051 709 1097 enim
729 1052 837 1114 quid
865 1052 970 1098 mihi
993 1053 1216 1109 videatur,
1238 1052 1510 1114 pronuntio:

233 1122 338 1183 quid
369 1123 601 1184 prohibet,
625 1141 720 1188 quo
748 1124 890 1171 minus
911 1123 1027 1170 aliud
1050 1124 1226 1187 quidem
1252 1124 1323 1182 fit,
1351 1124 1423 1170 sed
1448 1125 1512 1170 niq

234 1195 469 1244 hilominus
501 1198 702 1245 bonum?
754 1197 947 1244 Dicebas
974 1198 1106 1259 paulo
1136 1213 1257 1256 ante,
1287 1198 1403 1244 aliud
1425 1197 1510 1244 esse

235 1285 406 1331 agrum,
438 1271 553 1318 aliud
583 1271 741 1318 habere
771 1287 935 1333 agrum.
984 1270 1183 1329 Quidni?
1214 1271 1260 1316 in
1288 1270 1369 1316 alia
1394 1271 1511 1317 enim

235 1354 387 1387 natura
415 1343 475 1388 est
499 1343 577 1406 qui
603 1344 753 1400 habet,
784 1342 828 1388 in
855 1342 933 1389 alia
956 1343 1080 1406 quod
1110 1342 1302 1388 habetur.
1328 1342 1397 1388 illa
1426 1356 1513 1389 ter-

232 1427 282 1457 ra
301 1410 362 1457 est
377 1447 390 1468 ‚
413 1413 484 1459 hic
505 1414 646 1459 homo
668 1413 742 1460 est.
774 1418 828 1460 At
848 1413 892 1460 in
915 1415 1003 1460 hoc
1024 1415 1077 1460 de
1105 1430 1196 1477 quo
1218 1414 1380 1476 agitur,
1400 1414 1510 1461 eius-

235 1483 335 1528 dem
355 1495 533 1531 naturae
557 1485 654 1532 sunt
679 1499 862 1549 utraque
878 1523 891 1544 ‚
909 1500 951 1532 et
975 1487 1049 1550 qui
1076 1487 1207 1533 habet
1234 1487 1482 1548 sapientiam
1497 1521 1511 1542 ,

177 1615 182 1625 .
234 1569 278 1601 et
303 1556 391 1619 ipsa
420 1575 530 1621 quae
554 1559 748 1608 habetur.
793 1563 1017 1617 Praeterea
1044 1560 1133 1607 illic
1159 1561 1271 1606 aliud
1303 1559 1363 1606 est
1391 1560 1513 1623 quod

235 1628 446 1689 habetur,
466 1632 573 1680 alius
596 1634 670 1696 qui
694 1634 822 1680 habet
843 1652 853 1680 ε
880 1634 952 1681 hic
971 1635 1016 1680 in
1039 1635 1196 1680 eodem
1221 1633 1280 1679 est
1292 1669 1307 1690 ‚
1324 1645 1367 1680 et
1390 1633 1512 1695 quod

235 1703 443 1762 habetur,
461 1719 505 1753 et
526 1705 600 1769 qui
621 1708 760 1754 habet.
793 1712 909 1771 Ager
936 1707 1027 1753 iure
1054 1706 1322 1770 poffidetur:
1349 1705 1514 1768 sapien-

235 1775 295 1822 tia
318 1790 482 1841 natura.
505 1778 578 1825 ille
595 1779 827 1826 abalienari
852 1778 1020 1841 potest,
1039 1794 1082 1825 et
1107 1778 1226 1824 alteri
1237 1778 1354 1823 tradi
1374 1795 1384 1823 :
1408 1776 1513 1824 haec

236 1866 330 1896 non
348 1850 531 1898 discedit
558 1870 582 1899 a
599 1853 798 1901 domino.
818 1853 923 1899 Non
945 1851 1006 1898 est
1027 1852 1173 1914 itaque
1193 1852 1315 1914 quod
1337 1866 1513 1913 compa-

237 1939 305 1971 res
333 1923 446 1971 inter
476 1925 519 1973 se
543 1925 768 1973 dissimilia.
812 1926 1059 1987 Coeperam
1091 1925 1265 1978 dicere,
1287 1922 1407 1986 poffe
1436 1923 1513 1969 ista

238 1997 330 2045 duo
349 1998 467 2055 effe,·
486 2010 530 2045 et
555 2014 702 2046 tamen
720 2010 900 2060 utraque
928 1998 1054 2043 bona.
1080 1996 1319 2059 Sapientia,
1339 2009 1382 2042 et
1400 1995 1509 2057 sapi·
1534 2013 1545 2021 ¹·

237 2088 315 2118 ens
348 2072 439 2118 duo
475 2072 570 2118 sunt
597 2090 609 2119 ε
633 2085 676 2119 et
708 2085 940 2134 utrumque
968 2072 1137 2116 bonum
1171 2070 1254 2116 ess'e
1293 2070 1514 2117 concedis,

237 2146 489 2205 Quomodo
510 2146 615 2192 nihil
645 2144 809 2202 obstat,
836 2160 926 2207 quo
953 2143 1095 2189 minus
1125 2155 1166 2189 et
1195 2142 1400 2204 sapientia
1425 2142 1511 2187 ho-

238 2235 342 2264 num
375 2219 452 2274 fit,
475 2216 704 2280 *et‘habens
737 2216 983 2280 sapientiam
1006 2215 1089 2263 :fic
1108 2215 1212 2262 nihil
1241 2214 1402 2271 obstat,
1420 2229 1512 2276 quo

240 2291 382 2338 minus
406 2307 448 2338 et
467 2291 671 2354 sapientia
690 2292 858 2337 bonum
880 2289 928 2336 sit
943 2321 957 2344 ,
979 2301 1022 2335 et
1053 2289 1211 2334 habere
1237 2285 1484 2348 sapientiam
1499 2320 1512 2339 ,

241 2363 286 2407 id
308 2362 391 2420 est,
423 2363 583 2425 sapere.
617 2366 712 2427 Ego
740 2361 785 2409 in
818 2362 904 2409 hoc
920 2361 1030 2408 volo
1058 2359 1226 2422 sapiens
1243 2357 1355 2415 esse,
1380 2367 1426 2402 ut
1446 2355 1512 2401 sa-

238 2435 367 2499 piam.
396 2436 518 2497 Quid
546 2451 654 2500 ergo
676 2435 693 2482 ἓ
719 2452 810 2483 non
834 2434 894 2482 est
917 2433 964 2481 id
989 2434 1157 2482 bonum
1173 2467 1187 2492 ,
1213 2431 1300 2501 sine
1322 2444 1413 2496 quo
1432 2444 1512 2476 nec
