1730 2870
549 132 1122 188 EPISTOLAF„
1385 149 1473 198 109

197 254 301 302 pere
333 238 522 295 interfit,
545 237 754 301 inquiris?
785 238 930 284 nodos
958 238 1089 285 neffis
1115 253 1164 285 ac
1190 237 1342 297 solvis,
1360 252 1481 287 tanta

197 312 314 357 mole
343 311 622 372 impendente
651 309 782 372 capiti
814 314 934 356 tuo?
982 312 1088 356 Non
1123 321 1208 356 tam
1240 311 1476 374 benignum

194 400 246 431 ac
264 383 435 430 liberale
460 395 633 445 tempus
662 397 811 430 natura
835 383 962 430 nobis
989 383 1135 439 dedit,
1174 397 1223 430 ut
1240 384 1405 448 aliquid
1423 403 1477 432 ex

194 456 271 502 illo
297 467 425 502 vacet
448 456 661 516 perdere:
684 470 727 502 et
756 455 889 513 vide,
920 472 1050 519 quam
1083 456 1220 502 multa
1251 457 1380 503 etiam
1409 458 1478 504 di-

194 528 478 590 ligentiffimis
511 541 703 590 pereant.
734 528 863 574 Aliud
887 529 1092 574 valetudo
1123 528 1192 575 sua
1223 530 1382 594 cuique
1398 532 1478 578 ab-

194 599 330 655 stulit,
357 600 472 647 aliud
500 601 681 647 suorum
703 618 714 647 :
741 600 854 646 aliud
880 600 1112 647 necessaria
1136 603 1339 665 negotia,
1361 604 1478 652 aliud
1525 640 1532 660 5

194 673 366 736 publica
388 689 719 737 occupaverunt
738 692 748 720 :
782 674 918 720 vitam
939 673 1164 720 nobiscum
1189 675 1347 722 dividit
1364 676 1480 723 som-

194 763 289 793 nus.
334 750 399 793 Ex
431 748 516 794 hoc
552 761 755 809 tempore
783 759 871 793 tam
907 746 1118 810 angusto,
1147 761 1189 793 et
1219 747 1403 811 rapido,
1436 764 1480 798 et

195 834 278 865 nos
305 819 683 882 auferente,·quid
709 819 832 865 iuvat
860 819 1071 864 maiorem
1103 829 1269 880 partem
1303 820 1479 868 mittere

194 891 239 936 in
264 909 428 938 vanum
449 892 466 938 ?
498 892 648 939 Adiice
675 908 790 938 nunc
808 924 822 946 ‚
847 891 968 954 quod
992 889 1188 941 affuescit
1205 891 1373 940 animus
1400 894 1477 941 de-

194 964 348 1011 lefiare
367 966 407 1012 se
432 965 604 1028 potius,
630 982 760 1028 quam
786 966 959 1012 sanare:
983 975 1025 1010 et
1047 963 1370 1027 philosophiam
1390 966 1477 1013 ob-

195 1037 499 1084 leftamentum
533 1036 708 1094 facere,
743 1054 844 1084 cum
880 1036 1126 1083 remedium
1161 1036 1223 1084 fit.
1245 1040 1380 1085 ·Inter
1410 1038 1477 1085 sa—

195 1110 431 1171 pientiam,
461 1123 505 1157 et
528 1110 674 1172 sapere
703 1110 809 1172 quid
837 1108 1030 1167 interfit,
1060 1108 1208 1156 nescio
1227 1127 1238 1155 ε
1259 1110 1348 1158 scio
1377 1128 1477 1158 mea
1550 1172 1558 1178 .

195 1200 284 1229 non
315 1184 539 1242 interesse,
569 1183 700 1230 sciam
735 1183 810 1230 ista
829 1220 841 1242 ,
869 1201 922 1231 an
952 1184 1151 1232 nesciam.
1202 1185 1293 1232 Dic
1330 1186 1476 1242 mihi,

196 1274 296 1305 cum
314 1295 327 1316 ,
357 1260 464 1323 quid
489 1260 601 1306 inter
625 1259 877 1322 sapientiam
909 1272 952 1306 et
980 1260 1127 1322 sapere
1156 1259 1346 1317 interfit,
1372 1263 1481 1309 didi-

197 1346 329 1388 cero,
360 1333 554 1394 sapiam?
594 1332 697 1378 Cur·
712 1348 821 1394 ergo
850 1331 997 1393 potius
1025 1332 1137 1378 inter
1161 1333 1377 1380 vocabula
1404 1351 1477 1381 me

197 1404 428 1466 sapientiae
459 1405 648 1463 detines,
675 1421 807 1468 quam
835 1405 948 1450 inter
976 1404 1148 1467 opera?
1180 1407 1262 1452 Fac
1291 1423 1360 1453 me
1380 1405 1478 1453 for-

196 1477 354 1524 tiorem
371 1514 384 1536 ‚
406 1478 472 1525 fac
499 1495 568 1524 me
588 1478 877 1536 securiorem,
905 1476 974 1524 fac
988 1477 1193 1524 fortunae
1216 1496 1387 1542 parem,
1409 1479 1477 1526 fac

198 1550 481 1613 superiorem.
513 1551 686 1614 poffum
721 1566 867 1598 autem
899 1549 1098 1614 superior
1125 1551 1209 1601 effe
1227 1588 1241 1614 ‚
1265 1553 1296 1601 fi
1323 1552 1473 1603 fecero

198 1637 333 1670 omne
361 1623 484 1687 quod
514 1622 651 1671 disco·
