1730 2870
523 157 1105 206 EplsTOLAE.
1396 160 1456 222 87

172 267 354 316 mollem
381 264 531 320 fuiffe,
561 282 653 312 non
670 264 837 311 mitem.
854 266 956 312 I-Ioc
980 264 1088 311 istae,
1103 263 1306 327 ambages
1326 279 1457 310 com-

175 339 431 403 positionis,
459 339 547 385 hoc
574 338 709 384 verba
729 338 994 395 transversa,
1027 338 1113 383 hoc
1144 335 1290 384 sensus
1310 337 1458 401 magni

173 412 350 475 quidem
373 410 524 472 saepe,
543 411 614 457 sed
633 411 833 458 enervati
859 411 964 457 dum
992 421 1154 457 exeunt
1171 445 1185 466 ,
1205 409 1351 458 cuivis
1370 426 1458 456 ma-

175 483 376 530 nifestum
406 482 581 530 facient.
609 495 781 530 motum
807 483 868 528 illi
897 483 1101 531 felicitate
1131 482 1265 529 nimia
1290 497 1456 544 caput:

174 555 297 621 quod
325 555 484 602 vitium
519 555 712 602 hominis
731 555 816 601 effe
835 556 1054 602 interdum
1072 589 1087 611 ‚
1105 554 1328 601 interdum
1348 566 1459 600 tem-

174 628 295 690 poris
323 627 442 675 solet.
470 628 559 674 Ubi
586 627 802 674 luxuriam
831 628 916 674 late
945 625 1125 673 felicitas
1155 626 1294 683 fudit,
1321 626 1460 673 cultus

176 702 366 761 primum
404 717 647 761 corporum
683 701 769 748 effe
800 701 1054 765 diligentior
1082 700 1265 761 incipit;
1302 700 1460 747 deinde

175 774 419 837 supellectili
447 774 698 830 laboratum
728 775 885 821 deinde
906 774 950 820 in
969 773 1079 836 ipsas
1099 775 1260 821 domos
1283 774 1460 837 impen-

174 848 294 895 ditur
319 864 450 903 cura,
477 859 523 893 ut
552 847 597 893 in
628 847 845 893 laxitatem
879 846 990 893 ruris
1020 858 1251 893 excurrant
1268 882 1280 904 ‚
1316 861 1364 893 ut
1383 862 1461 910 pa·-

175 920 302 968 rietes
321 922 514 969 advectis
542 933 656 967 trans
682 921 816 967 maria
837 920 1131 966 marmoribus
1157 920 1349 983 fulgeant
1367 953 1380 973 .,
1412 932 1461 966 ut

175 994 281 1039 tecta
303 994 524 1040 varientur
551 1009 687 1047 auro,
724 1005 771 1038 ut
798 992 1070 1041 lacunaribus
1099 993 1460 1053 pavimentorum

177 1067 436 1128 respondeat
459 1065 605 1118 nitor3
629 1066 787 1112 deinde
814 1066 869 1112 ad
891 1082 1051 1112 coenas
1070 1065 1233 1110 lautitia
1254 1064 1464 1111 transfer-

174 1154 246 1185 tur
264 1175 276 1194 ‚
296 1152 338 1184 et
353 1139 444 1185 illic
457 1138 785 1185 commendatio
804 1155 858 1184 ex
877 1138 1076 1186 novitate
1096 1153 1139 1184 et
1159 1137 1271 1184 soliti
1292 1138 1462 1186 ordinis

174 1210 526 1257 commutatione
545 1225 757 1272 captatur.
782 1223 829 1256 ut
848 1227 896 1257 ea
915 1227 1027 1274 quae
1048 1210 1249 1258 claudere
1277 1227 1462 1259 coenam

177 1283 343 1337 solent,
376 1283 514 1346 prima
546 1296 791 1345 portantum
821 1299 870 1330 ut
887 1300 997 1347 quae
1021 1281 1359 1331 advenienfibus
1386 1285 1464 1331 da-

175 1358 333 1403 bantur
349 1393 362 1414 ,
382 1357 638 1403 exeuntibus
659 1357 828 1403 dentur.
860 1357 975 1403 Cum
997 1356 1182 1403 assuevit
1202 1357 1371 1404 animus
1392 1359 1461 1405 fa-

175 1430 321 1476 stidire
353 1446 464 1492 quae
491 1446 546 1476 ex
569 1445 696 1476 more
725 1428 822 1476 sunt
841 1465 856 1486 ‚
886 1441 929 1475 et
945 1428 1006 1475 illi
1024 1445 1106 1490 pro
1125 1429 1310 1477 sordidis
1338 1432 1462 1481 solita

173 1502 298 1558 sunt;
330 1502 462 1549 etiam
487 1502 531 1548 in
551 1501 754 1548 oratione
782 1501 903 1564 quod
935 1517 1105 1548 novum
1135 1502 1223 1559 est,
1257 1506 1460 1566 quaerit:

174 1587 216 1620 et
238 1575 378 1622 modo
398 1575 577 1638 antiqua
597 1575 732 1622 verba
751 1587 882 1637 atque
898 1574 1068 1620 exoleta
1090 1589 1275 1623 revocat
1293 1591 1336 1624 et
1357 1595 1463 1640 pro-

174 1647 287 1695 fert:
308 1649 447 1695 modo
466 1648 616 1711 fingit,
638 1663 681 1695 et
703 1648 853 1710 ignota
872 1647 1064 1694 deflectit
1084 1666 1096 1694 ε
1119 1650 1259 1696 modo
1276 1651 1321 1697 id
1339 1654 1463 1702 Quod

176 1721 556 1783 nuperincrebuit
573 1756 585 1777 ‚
615 1738 697 1783 pro
724 1721 839 1768 culm
867 1721 1075 1777 habetur,
1107 1722 1250 1768 audax
1279 1727 1463 1773 transsa-

174 1795 262 1850 tio,
288 1811 339 1840 ac
357 1793 575 1856 frequens.
603 1795 708 1839 Sunt
731 1793 806 1856 qui
834 1792 976 1839 sensus
997 1794 1275 1855 praecidant,
1296 1810 1337 1842 et
1356 1798 1462 1848 hinc

176 1866 354 1930 gratiam
375 1865 569 1929 sperent,
591 1865 619 1910 s1
644 1864 853 1911 sententia
875 1866 1133 1926 pependerit
1153 1902 1165 1921 ‚
1196 1869 1463 1920 etsaudienti

176 1938 470 2002 suspicionem
501 1937 561 1983 sui
579 1936 733 1983 fecerit
755 1953 766 1982 :
790 1935 883 1982 sunt
909 1935 985 1998 qui
1009 1936 1109 1983 illos
1135 1937 1384 1997 detineant,
1419 1953 1464 1989 et

176 2010 442 2073 porrigant:
468 2009 564 2056 sunt
593 2009 668 2073 qui
700 2025 790 2054 non
818 2008 952 2072 usque
979 2009 1033 2055 ad
1063 2009 1220 2056 vitium
1253 2014 1463 2063 accedant

179 2085 369 2147 (necess‘e
386 2084 447 2132 est
462 2084 576 2131 enim
595 2084 683 2131 hoc
703 2083 870 2142 facere,
896 2083 1058 2147 aliquid
1076 2087 1238 2148 grande
1253 2089 1461 2156 tentanti)

177 2164 251 2211 sed
278 2163 355 2225 qui
378 2162 515 2225 ipsum
545 2160 701 2207 vitium
734 2176 896 2208 ament.
924 2164 1074 2225 Itaque
1105 2162 1357 2226 ubicunque
1388 2166 1463 2214 vi-'

177 2237 292 2284 deris
314 2236 562 2283 orationem
587 2246 837 2298 corruptam
866 2235 1065 2295 placere,
1094 2235 1155 2282 ibi
1180 2253 1326 2284 mores
1346 2254 1463 2299 quo-

177 2327 264 2372 que
289 2327 311 2355 a
342 2310 464 2356 resto
491 2308 742 2363 desciviffe‚
767 2325 858 2354 non
881 2309 964 2355 erit
989 2309 1184 2357 dubium.
1208 2312 1461 2370 Quomodo

176 2382 490 2430 conviviorum
534 2381 737 2438 luxuria,
780 2381 1014 2443 quomodo
1054 2380 1272 2438 vestium,
1311 2399 1463 2446 aegrae

178 2454 370 2505 civitatis
394 2454 558 2504 indicia
582 2456 677 2504 sunt
695 2473 707 2505 ε
730 2456 787 2505 fic
806 2453 1021 2506 orationis
1041 2455 1215 2505 licentia
1238 2454 1261 2521 (
1273 2456 1302 2503 fi
1320 2456 1461 2507 modo

1140 2531 1172 2575 F
1205 2545 1236 2588 4
