1730 2870
689 69 700 90 ⁹

538 132 572 176 Ε
605 131 635 175 t>
671 131 689 176 t
722 133 747 177 s
781 133 822 178 T
853 133 903 178 o
941 106 1037 179 LA
1064 136 1111 180 F..
1390 142 1456 182 ψ,

187 239 302 283 Cum
334 237 375 283 iii
406 237 625 299 noviffimi
646 237 791 284 versus
810 238 852 283 in
875 241 1096 302 tragoedia
1121 232 1334 304 Euripidis
1353 259 1460 305 pro—

187 312 369 358 nuntiati
394 311 529 358 essent
545 347 558 368 ‚
584 324 702 358 totus
720 314 905 375 populus
923 316 976 360 ad
996 314 1255 361 eiiciendum
1279 329 1320 363 et
1341 320 1459 364 afio-

184 402 277 430 rem
303 400 346 430 et
365 401 540 430 carmen
566 383 835 431 consurrexit
861 402 951 432 uno
971 386 1137 449 impetu
1167 405 1178 434 :
1205 388 1348 436 donec
1370 393 1458 437 Eu-

182 456 343 519 ripides
364 456 408 502 in
439 456 633 502 medium
651 456 738 519 ipse
759 457 956 519 prosiluit
970 492 984 514 ,
1008 471 1159 520 petens
1177 494 1189 516 ‚
1208 471 1255 506 ut
1281 461 1460 524 exspec-

181 541 321 575 tarent
334 564 345 583 ,
365 527 652 592 viderentque
671 546 799 591 quem
819 530 1056 576 admirator
1086 532 1177 577 auri
1201 532 1366 580 exitum
1387 534 1458 581 fa-

183 615 311 650 ceret.
343 603 488 649 Dabat
522 603 566 648 in
596 603 664 648 illa
697 602 841 648 fabula
870 619 1031 664 poenas
1061 604 1456 668 Bellerophontes,

181 691 288 737 quas
318 675 362 720 in
400 675 470 721 sua
507 670 688 737 quisque
723 675 806 720 dat.
844 674 974 720 Nulla
1003 675 1120 721 enim
1154 679 1335 724 avaritia
1370 679 1457 729 sine

181 764 320 810 poena
346 748 406 794 est
425 784 438 806 ‚
455 749 656 811 quamvis
679 748 773 794 satis
792 748 840 794 fit
858 748 945 810 ipsa
972 764 1224 810 poenarum.
1248 753 1293 798 O
1310 769 1453 817 quan-

179 831 272 865 tum
297 819 598 874 lacrimarum,
622 836 651 865 o
670 832 879 883 quantum
903 819 1102 866 laborum
1131 820 1285 886 exigit!
1321 843 1454 888 quam

151 890 330 937 -misera
365 890 635 948 desideratis,
667 908 798 953 quam
835 891 989 938 misera
1021 893 1154 954 partis
1188 893 1269 941 est!
1297 897 1455 944 Adiice

178 963 453 1027 quotidianas
490 962 809 1020 solicitudines,
838 980 950 1026 quae
982 980 1065 1026 pro
1097 967 1235 1012 modo
1268 969 1454 1016 habendi

177 1054 402 1101 quemque
427 1037 690 1083 discruciant.
716 1037 885 1083 Maiore
903 1050 1127 1084 tormento
1147 1042 1328 1102 pecunia
1349 1045 1451 1106 pos-

177 1111 359 1167 sidetur,
387 1125 516 1172 quam
544 1109 772 1172 quaeritur.
808 1112 1034 1169 Quantum
1055 1111 1222 1158 damnis
1244 1114 1450 1178 ingemis-

177 1195 279 1243 cunt
296 1217 308 1238 ‚
338 1197 448 1244 quae
471 1194 513 1227 et
541 1197 692 1244 magna
714 1181 935 1240 incidunt,
968 1194 1010 1229 et
1029 1184 1195 1231 maiora
1215 1187 1445 1236 videntur!

175 1254 365 1315 denique
382 1269 428 1300 ut
447 1253 555 1299 nihil
572 1254 650 1299 illis
677 1253 851 1300 fortuna
877 1256 1096 1313 detrahat,
1125 1257 1336 1320 quidquid
1357 1277 1447 1308 non

174 1324 439 1388 acquiritur,
463 1324 670 1371 damnum
701 1325 770 1373 est.
805 1328 864 1371 At
890 1325 1063 1374 felicem
1088 1328 1206 1375 illum
1225 1330 1446 1390 homines,

176 1412 216 1444 et
235 1399 413 1445 divitem
435 1410 624 1455 vocant,
652 1414 694 1445 et
714 1399 921 1462 consequi
941 1414 1122 1461 optant,
1149 1416 1357 1465 quantum
1377 1405 1448 1453 ille

144 1497 148 1503 -
173 1471 368 1534 poffidet.
398 1474 563 1518 Fateor.
591 1471 714 1532 Quid
741 1472 883 1535 ergo?
911 1483 957 1518 tu
975 1473 1087 1520 ullos
1110 1475 1195 1521 effe
1224 1478 1444 1524 conditio-

173 1545 237 1590 nis
263 1544 424 1607 peioriS
450 1543 663 1591 existimas
680 1577 694 1598 ‚
719 1561 849 1607 quam
869 1544 945 1607 qui
965 1545 1124 1592 habent
1143 1559 1186 1593 et
1202 1548 1414 1596 miseriam
1431 1587 1445 1609 ‚

170 1628 212 1662 et
238 1615 484 1662 invidiam?
519 1617 698 1663 Utinam
727 1618 804 1680 qui
827 1616 998 1664 divitias
1027 1620 1255 1681 appetituri
1282 1622 1446 1679 essent,

170 1704 270 1734 cum
297 1688 505 1734 divitibus
525 1688 833 1735 deliberarent!
856 1689 1020 1735 utinam
1041 1689 1232 1739 honores
1254 1695 1443 1755 petituri„

169 1778 268 1808 cum
290 1760 545 1819 ambitiosis,
563 1774 606 1809 et
623 1763 834 1808 summum
854 1762 1018 1823 adeptis
1036 1763 1252 1826 dignitatis
1268 1765 1441 1815 statum!

169 1832 372 1895 profeEto
402 1848 506 1880 vota
530 1835 786 1881 mutassent:
815 1852 915 1881 cum
936 1834 1109 1881 interim
1130 1837 1192 1884 illi
1213 1856 1331 1887 nova
1353 1841 1443 1889 sus·

168 1907 359 1966 cipiunt,
376 1906 450 1970 qui
471 1908 618 1969 priora
642 1909 963 1957 damnaverant.
993 1911 1141 1957 Nemo
1159 1913 1275 1960 enim
1292 1914 1352 1961 est
1371 1916 1443 1964 cui

167 1975 347 2024 felicitas
372 1977 468 2032 sua,
491 1979 652 2025 etiamsi
670 1981 793 2027 cursu
815 1982 956 2039 venit,
977 1981 1215 2031 satisfaciat.
1238 1987 1443 2046 Querun-

169 2063 237 2095 tur
256 2063 298 2097 et
316 2051 369 2098 de
389 2051 602 2109 consiliis,
632 2068 676 2099 et
696 2054 750 2100 de
772 2053 1036 2114 proceffibus
1058 2055 1168 2103 suis:
1190 2060 1442 2124 maluntque

167 2122 362 2185 semper,
398 2141 508 2186 quae
538 2125 810 2188 reliquerunt.
842 2129 989 2191 Itaque
1018 2128 1106 2175 hoc
1133 2129 1213 2176 tibi
1241 2133 1441 2194 philoso—

166 2197 265 2258 phia
287 2197 513 2259 praestabit
529 2229 543 2253 ,
564 2215 654 2262 quo
685 2199 889 2261 equidem
914 2200 1020 2246 nihil
1045 2203 1181 2249 maius
1206 2206 1440 2255 existimo:

164 2284 387 2330 nunquam
432 2280 474 2316 te
506 2269 746 2332 poenitebit
778 2271 852 2317 tui.
888 2273 956 2318 Ad
992 2273 1104 2321 hanc
1139 2287 1226 2322 tam
1256 2278 1437 2327 solidam

161 2339 431 2398 felicitatem,
451 2357 584 2404 quam
601 2341 828 2404 tempestas
842 2344 956 2390 nulla
976 2346 1222 2406 concutiat,
1242 2365 1331 2396 non
1346 2368 1440 2414 per-

118 2448 122 2452 .
164 2412 323 2458 ducent
355 2424 398 2458 te
422 2425 520 2474 apte
543 2413 678 2459 verba
704 2426 936 2475 contexta,
970 2427 1013 2462 et
1041 2418 1185 2465 oratio
1209 2419 1348 2470 fluens
1375 2424 1437 2470 ten

225 2487 275 2532 L.
304 2488 428 2533 Arm.
456 2483 624 2534 Serieca.
656 2489 849 2537 VoLIV.
1152 2493 1196 2538 G
