1730 2870
526 134 1108 183 EplsTOLAE.
1371 156 1452 202 113

178 241 249 288 est.
293 242 465 287 Bonum
502 256 559 285 ex
587 238 773 285 honesto
811 239 934 296 fluit,
964 241 1195 288 honestum
1228 258 1281 290 ex
1309 242 1349 290 se
1384 246 1457 291 est.

179 315 320 373 Quod
346 313 514 358 bonum
536 312 595 357 est
614 346 628 368 ,
661 311 824 357 malum
857 313 943 359 effe
972 315 1144 375 potuit:
1171 317 1293 378 quod
1317 317 1459 363 hone-

179 389 286 434 stum
309 386 368 432 est
385 419 398 441 ‚
433 386 510 431 nifi
530 387 700 432 bonum
722 386 804 432 effe
824 404 915 433 non
934 389 1091 449 potuit.
1128 390 1253 443 Hanc
1274 392 1457 454 quidam

179 457 426 505 finitionem
451 458 758 505 reddiderunt:
778 459 951 503 Bonum
969 459 1031 505 est
1044 495 1056 516 ,
1074 463 1197 522 quod
1217 466 1458 512 secundum

179 545 372 578 naturam
403 531 475 575 est.
511 531 697 577 Attende
715 532 822 593 quid
855 531 1008 578 dicam.
1031 535 1169 591 Quod
1196 537 1362 583 bonurn
1379 539 1462 595 est,

178 618 222 652 et
259 606 494 651 secundum
525 618 719 650 naturam
752 603 841 649 est:
879 621 968 652 non
1002 607 1204 667 protinus
1233 612 1357 671 quod
1393 613 1463 661 se-

176 679 370 726 cundum
402 695 598 725 naturam
618 679 679 724 est
701 714 716 734 ‚
742 690 785 724 et
812 677 981 723 bonum
1013 678 1083 724 est.
1122 683 1260 728 Multa
1281 686 1464 747 quidem

178 762 353 796 naturae
389 750 694 797 consentiunt:
734 750 805 796 sed
835 764 923 796 tam
953 751 1099 812 pusilla
1135 753 1231 800 sunt
1251 791 1264 814 ‚
1292 770 1340 803 ut
1370 776 1462 806 non

178 823 416 868 conveniat
446 823 528 868 illis
571 824 676 868 boni
717 839 892 868 nomen.
939 823 1074 870 Levia
1109 827 1227 873 enim
1262 830 1387 887 sunt,
1419 844 1464 879 et

179 896 523 944 contemnenda:
544 897 707 941 nullum
729 913 810 944 nec
834 896 1063 943 minimum
1086 905 1463 950 contemnendum

180 969 358 1015 bonum.
407 971 520 1015 Nam
552 972 762 1032 quamdiu
800 972 1003 1035 exiguum
1042 973 1133 1031 est,
1168 975 1335 1022 bonum
1371 994 1464 1024 non

179 1039 272 1086 est:
307 1058 407 1088 cum
454 1042 620 1087 bonum
659 1043 744 1089 effe
786 1044 969 1106 coepit,
1007 1060 1097 1089 non
1136 1047 1349 1110 exiguum
1389 1050 1464 1097 est>

178 1115 307 1160 Unde
349 1113 513 1177 aliquid
548 1116 831 1178 cognoscitur
861 1119 1063 1180 bonum?
1097 1118 1127 1164 fi
1165 1122 1351 1182 perfesse
1394 1124 1463 1171 se-

178 1186 370 1232 cundum
399 1198 595 1232 naturam
628 1187 701 1234 est.
725 1189 882 1236 Fateris
900 1224 913 1246 ,
941 1189 1089 1252 inquis
1105 1226 1118 1247 ,
1143 1193 1268 1254 quod
1293 1193 1463 1242 bonum

177 1259 238 1306 est
262 1296 274 1317 ,
311 1261 545 1307 secundum
580 1276 777 1309 naturam
811 1262 922 1309 effe:
957 1262 1065 1310 haec
1094 1264 1185 1310 eius
1215 1268 1462 1330 proprietas

177 1331 248 1377 est.
278 1333 438 1378 Fateris
467 1348 510 1379 et
534 1333 614 1379 alia
640 1333 877 1381 secundum
906 1346 1099 1381 naturam
1131 1337 1311 1401 quidem
1343 1341 1464 1398 effe;

176 1405 249 1452 sed
270 1406 390 1452 *bona
423 1423 512 1452 non
530 1407 625 1453 effe.
649 1407 899 1467 Quomodo
925 1424 1034 1470 ergo
1064 1407 1169 1455 illud
1186 1409 1356 1458 bonum
1377 1413 1464 1473 est,

179 1496 277 1525 cum
303 1480 409 1526 haec
437 1495 529 1525 non
554 1479 684 1526 fint?‚
703 1480 938 1543 quomodo
975 1480 1031 1526 ad
1059 1481 1184 1527 aliam
1216 1486 1463 1546 proprieta—

178 1564 262 1598 tem
288 1553 514 1614 pervenit‚
549 1570 650 1600 cum
679 1554 854 1617 utrique
886 1555 1184 1617 praecipuum
1204 1556 1309 1604 illud
1338 1576 1463 1606 com-

181 1641 311 1671 mune
335 1625 415 1678 fit,
437 1624 676 1671 secundum
697 1640 894 1672 naturam
913 1625 1028 1696 effe?
1051 1626 1139 1689 ipsa
1160 1627 1322 1676 scilicet
1339 1648 1464 1695 mag-

177 1696 386 1746 nitudine.
420 1698 514 1746 Nec
537 1698 625 1746 hoc
646 1716 817 1746 novum
850 1699 938 1759 est,
975 1702 1188 1764 quaedam
1221 1703 1462 1753 crescendo

179 1773 350 1819 mutari
385 1773 528 1819 Infans
555 1772 667 1830 fuit,
688 1773 822 1820 fac‘his
853 1772 913 1820 est
937 1775 1102 1837 .:pubes
1137 1775 1216 1821 alia
1242 1777 1334 1839 eius
1354 1795 1462 1840 pro-

178 1845 339 1907 prietas
357 1844 438 1892 fit:
465 1845 535 1892 ille
559 1845 816 1892 irrationalis
836 1845 923 1904 est,
951 1846 1023 1893 hic
1048 1848 1282 1896 rationalis
1315 1852 1463 1912 Quae-

180 1918 314 1978 dam
303 1934 578 1975 incremento
609 1935 701 1965 non
729 1931 897 1965 tantum
933 1917 976 1965 in
1007 1920 1145 1968 maius
1176 1936 1362 1978 exeunt,
1387 1925 1461 1972 sed

177 1989 223 2036 in
238 1990 362 2036 aliud
382 1992 486 2037 Non
507 1990 580 2047 fit,
601 1990 769 2054 inquit,
789 1984 910 2038 aliud
920 1986 1045 2054 quod
1062 1994 1199 2040 maius
1218 1993 1276 2039 fit.
1296 1999 1460 2044 Utrum

179 2063 370 2126 lagenam
406 2080 460 2109 an
485 2064 655 2111 dolium
681 2064 862 2127 impleas
894 2065 1032 2122 vin0,
1069 2066 1176 2112 nihil
1212 2065 1373 2115 refert:
1412 2071 1461 2123 in

177 2151 366 2199 utroque
397 2137 638 2200 proprietas
673 2136 768 2195 vini
799 2136 870 2184 est.
914 2135 1130 2198 Exiguum
1166 2139 1304 2185 meilis
1342 2119 1462 2202 porfi-

178 2208 279 2267 dus‚
314 2221 358 2255 et
387 2225 594 2272 magnum
615 2244 629 2267 ‚
656 2209 808 2272 sapore
834 2225 924 2256 non
962 2207 1117 2255 differt.
1156 2209 1344 2257 Diversa
1374 2215 1460 2275 po*-

177 2283 243 2330 nis
263 2283 475 2345 exempla.
497 2283 543 2329 in
569 2282 655 2330 istis
674 2283 791 2329 enim
822 2282 974 2328 eadem
998 2281 1180 2345 qualitas
1196 2282 1282 2330 est:
1306 2301 1462 2347 quam-

176 2356 245 2404 vis
271 2368 533 2419 augeantur,
556 2369 744 2402 manent.
781 2355 1009 2416 Quaedam
1031 2355 1291 2418 amplificata
1316 2359 1361 2406 in
1379 2353 1459 2407 suo

176 2444 337 2490 genere
353 2462 366 2485 ‚
387 2427 430 2473 in
452 2426 532 2472 suav
547 2426 814 2495 proprietate
835 2427 1071 2489 perdurant
1090 2443 1101 2474 ε
1122 2430 1336 2492 quaedam
1355 2430 1454 2495 post

243 2505 292 2550 L.
318 2507 441 2551 Arm.
469 2507 638 2554 Seneca,
672 2507 767 2550 Vol.
794 2505 821 2548 I
827 2507 870 2549 V
869 2538 881 2552 .
1192 2505 1235 2551 H
