1730 2870
236 124 331 175 3ss
463 106 1295 158 L.ANNAE1sENECAE

233 215 350 263 libro
368 232 500 280 quem
523 215 576 261 de
597 214 798 262 Cometis
816 215 1095 278 composuit,
1121 216 1208 276 ait,
1238 219 1525 284 Anaxagorae

234 289 378 338 visum
395 288 559 352 grande
575 287 892 350 insolitumque
910 288 1041 334 coelo
1060 288 1207 336 lumen
1226 291 1525 354 magnitudine
1578 318 1579 321 ¹

235 363 404 424 amplae
432 361 564 407 trabis
581 395 596 417 ,
619 372 663 407 et
682 360 727 407 id
753 376 831 422 per
860 359 1023 406 multos
1050 361 1142 408 dies
1169 360 1338 408 fulsisse.
1371 365 1525 412 Talem

230 434 421 498 effigiem
439 433 550 496 ignis
568 432 689 494 longi
719 430 869 489 fuisse,
897 430 1183 479 Callisthenes
1209 433 1373 492 tradit,
1398 450 1523 482 ante-

234 521 368 570 quam
388 503 521 551 Burin
541 516 583 550 et
605 503 790 550 Helicen
811 519 930 549 mare
956 502 1251 551 absconderet.
1271 506 1527 555 Aristoteles

233 583 314 638 ait,
342 596 434 626 non
454 578 624 626 trabem
644 578 787 636 illam,
816 577 887 626 sed
908 578 1144 625 Cometam
1162 578 1308 628 fuisse:
1331 596 1525 628 ceterum

232 653 297 699 ob
319 650 502 698 nimium
524 651 728 698 ardorem
754 667 846 697 non
866 650 1106 714 apparuisse
1125 650 1314 714 sparsum
1341 653 1488 717 ignem
1509 687 1524 711 ,

235 729 309 776 sed
340 726 609 788 procedente
629 739 831 789 tempore
848 762 862 784 ,
888 742 992 772 cum
1018 725 1104 772 iam
1133 727 1277 774 minus
1297 727 1526 791 flagraret,

233 799 453 847 redditam
486 797 604 844 suam
631 798 849 845 Cometae
880 796 1054 844 faciem.
1074 801 1122 844 ln
1141 814 1235 861 quo
1263 799 1363 862 igne
1389 802 1526 848 multa

235 873 417 937 quidem
437 871 614 919 fuerunt
644 871 774 935 digna
797 887 910 935 quae
932 883 1190 918 notarentur
1213 887 1224 918 ε
1254 871 1363 918 nihil
1381 885 1525 921 tamen

233 943 395 1007 magis,
435 958 566 1005 quam
585 944 708 1005 quod
725 955 769 987 ut
785 941 854 986 ille
867 939 981 986 fulsit
998 940 1043 986 in
1062 940 1190 987 coelo
1205 976 1217 999 ,
1240 939 1380 987 statim
1402 942 1528 1006 supra
1568 951 1571 961 ¹

236 1017 372 1064 Burin
394 1027 437 1063 et
454 1016 641 1062 Helicen
659 1031 778 1062 mare
808 1013 904 1060 fuit.
929 1013 1161 1078 Numquid
1183 1030 1290 1077 ergo
1308 1014 1526 1062 Aristote-

239 1090 301 1137 les
320 1104 413 1135 non
432 1088 548 1134 illam
571 1096 738 1134 tantum
751 1123 765 1146 ‚
795 1088 866 1134 sed
886 1102 1040 1133 omnes
1059 1085 1198 1133 trabes
1217 1086 1425 1135 Cometas
1443 1088 1529 1135 effe

236 1160 472 1211 credebat?
492 1164 618 1208 Hanc
635 1162 812 1208 habetis
830 1159 1119 1208 differentiam
1133 1195 1146 1218 ,
1171 1160 1294 1223 quod
1313 1161 1365 1208 iis
1383 1162 1528 1208 conti-

236 1253 347 1284 nuus
363 1235 476 1299 ignis
489 1235 550 1281 est
566 1271 580 1294 ,
603 1235 758 1282 ceteris
778 1234 958 1298 sparsus.
977 1234 1145 1281 Trabes
1163 1234 1281 1281 enim
1300 1234 1522 1282 flammam

234 1309 463 1373 aequalem
483 1309 643 1355 habent
660 1344 674 1366 ‚
702 1325 782 1356 nec
801 1309 893 1354 ullo
910 1307 1015 1354 loco
1037 1307 1320 1353 intermissam
1339 1320 1413 1355 aut
1430 1309 1526 1354 lan—

233 1386 440 1449 guidam,
466 1384 511 1430 in
538 1383 700 1431 ultimis
732 1399 843 1432 vero
880 1381 1075 1446 partibus
1103 1384 1296 1429 coa&am
1317 1398 1332 1438 3
1353 1383 1526 1445 qualem

235 1458 360 1505 fuiffe
375 1458 490 1504 illam
507 1492 520 1515 ,
557 1473 688 1520 quam
710 1455 849 1502 modo
868 1456 1025 1510 retuli,
1048 1454 1331 1501 Callisthenes
1351 1454 1493 1501 tradit.

287 1534 366 1580 Vl.
384 1533 496 1578 Duo
507 1566 520 1588 ‚
533 1530 676 1593 inquit
690 1530 927 1593 Epigenes,
942 1529 1230 1576 Cometarum
1246 1544 1403 1591 genera
1419 1529 1526 1576 sunt.

237 1607 323 1654 Alii
341 1607 546 1653 ardorem
570 1604 764 1668 undique
784 1600 1040 1662 effundunt,
1058 1619 1138 1650 nec
1157 1602 1308 1650 locum
1321 1613 1492 1649 mutant
1511 1619 1524 1648 ε

235 1681 310 1728 alii
328 1680 373 1726 in
391 1695 520 1727 unam
540 1690 707 1741 partem
733 1678 878 1741 ignem
907 1693 1070 1740 vagum
1091 1675 1136 1722 in
1154 1677 1339 1722 modum
1371 1691 1526 1722 comae

236 1755 500 1818 porrigunt,
532 1765 574 1799 et
592 1752 726 1799 stellas
747 1764 1068 1815 praetermeant
1087 1768 1098 1796 ε
1119 1751 1265 1815 quales
1280 1751 1368 1796 duo
1389 1761 1526 1802 aetate

237 1827 385 1875 nostra
413 1827 495 1875 visi
523 1827 630 1874 sunt.
660 1826 724 1872 Illi
759 1826 929 1888 priores
966 1824 1109 1872 criniti
1143 1824 1363 1887 undique,
1394 1823 1525 1869 etiam

235 1901 440 1957 immoti,
473 1900 657 1948 humiles
680 1900 772 1947 fere
799 1900 894 1947 sunt
911 1935 925 1957 ‚
956 1911 998 1945 et
1024 1897 1181 1945 eisdem
1216 1898 1347 1944 causis
1368 1897 1525 1960 quibus

235 1975 379 2022 trabes
411 1973 615 2037 facesque
652 1971 934 2029 conflantur,
959 1984 1002 2017 et
1032 1986 1087 2017 ex
1121 1969 1380 2033 intemperie
1416 1969 1527 2018 aeris

235 2048 432 2106 turbidi,
461 2049 598 2094 multa
611 2047 755 2095 secum
775 2047 893 2093 arida
914 2046 1179 2109 humidaque
1193 2044 1315 2092 terris
1335 2044 1529 2092 exhalata

238 2120 464 2168 versantis.
482 2119 626 2167 Potest
639 2120 756 2167 enim
772 2119 943 2183 spiritus
956 2136 1033 2183 per
1049 2117 1224 2183 angusta
1238 2117 1360 2165 elisus
1372 2134 1527 2165 accen-

237 2193 342 2240 dere
361 2191 484 2255 supra
505 2192 546 2238 se
567 2191 753 2255 positum
773 2192 896 2249 aera,
915 2193 1091 2254 plenum
1115 2189 1329 2237 alimentis
1353 2188 1525 2236 idoneis

236 2265 329 2328 igni
350 2283 362 2313 ε
383 2265 542 2313 deinde
561 2264 807 2329 propellere
826 2282 881 2312 ex
896 2265 1037 2313 nitido
1051 2300 1064 2324 ‚
1097 2281 1152 2312 ne
1171 2281 1225 2311 ex
1243 2264 1383 2327 aliqua
1403 2261 1525 2310 causa

238 2338 398 2385 refluat
412 2339 578 2398 rursus,
598 2356 648 2387 ac
667 2339 942 2387 remittatur:
963 2339 1119 2387 deinde
1139 2339 1296 2386 iterum
1318 2337 1526 2401 proximo

240 2410 311 2458 die
332 2428 383 2460 ac
404 2410 681 2476 sequentibus
696 2412 989 2478 consurgere,
1016 2427 1059 2462 et
1077 2412 1266 2460 eundem
1285 2411 1434 2460 locum
1454 2409 1526 2456 in-
