1730 2870
231 114 325 176 3ss
459 109 1285 164 L.ANNAEtsENEcAE

230 218 349 265 stella
377 217 519 265 stellae
551 215 890 279 superveniens,
913 228 1149 278 momento
1176 216 1259 266 effe
1287 207 1514 267 delineret.

231 292 411 338 Summa
429 289 546 336 enim
572 288 788 336 velocitas
806 288 1116 336 transeuntium
1133 289 1207 336 est.
1236 290 1338 336 ldeo
1367 290 1514 336 omnis

229 364 418 411 siderum
442 359 632 408 defefflo
651 359 798 408 brevis
816 358 902 407 est:
931 360 1034 424 quia
1053 361 1142 414 cito
1162 362 1251 409 illas
1273 362 1390 409 idem
1413 379 1515 409 cur-

230 439 323 494 sus,
352 435 429 499 qui
447 435 734 492 admoverat,
751 431 969 481 abstrahit.
993 434 1207 482 Videmus
1228 434 1362 482 solem
1383 450 1428 481 et
1446 434 1516 480 lu-

231 527 333 556 nam
360 509 473 555 intra
501 506 714 570 exiguum
747 520 951 570 tempus,
975 524 1076 554 cum
1105 507 1326 554 obscurari
1353 523 1518 570 coepe-

230 582 346 640 rint,
377 579 583 629 liberari:
614 590 784 644 quanto
816 578 1005 626 celerior
1036 578 1165 627 debet
1193 579 1288 626 fieri
1317 579 1362 627 in
1393 580 1520 628 stellis

233 654 456 720 digreffio,
473 666 596 700 tanto
611 650 884 699 minoribus?
901 650 1037 715 Atqui
1050 651 1264 697 Cometae
1279 650 1389 699 senis
1400 669 1521 698 men-

233 729 346 776 {ibus
364 737 557 774 manent.
581 725 706 789 quod
725 739 817 770 non
837 724 1081 783 accideret,
1111 722 1141 769 fi
1167 722 1351 769 duarum
1379 723 1520 771 stella-

233 819 330 850 rum
351 811 582 849 conventu
605 798 902 862 gignerentur.
933 796 1029 843 lllae
1048 794 1166 842 enim
1192 796 1268 842 diu
1285 797 1524 846 cohaerere

235 892 327 921 non
350 872 550 937 poss'unt,
569 886 614 919 et
634 869 804 916 necesse
822 867 882 915 est
902 867 994 915 illas
1009 867 1080 914 lex
1097 863 1324 915 celeritatis
1343 868 1527 932 separet.

235 951 464 995 Praeterea
481 944 559 991 ista
579 943 708 991 nobis
733 942 879 990 vicina
897 941 1105 989 videntur
1121 975 1136 997 ‚
1169 955 1363 990 ceterum
1389 943 1525 991 inter-

236 1021 364 1070 vallis
382 1017 631 1083 ingentibus
648 1015 864 1064 diffident.
886 1015 1138 1076 Quomodo
1156 1032 1265 1079 ergo
1292 1015 1435 1079 potest
1459 1016 1525 1063 al-

237 1110 327 1142 tera
345 1091 465 1140 stella
480 1091 618 1154 usque
636 1090 691 1137 ad
710 1089 887 1136 alteram
903 1087 1068 1135 stellam
1085 1087 1231 1152 ignem
1251 1088 1451 1148 mittere,
1469 1089 1529 1136 ita

238 1182 288 1216 ut
306 1179 490 1230 utraque
508 1163 655 1211 iunaa
674 1163 898 1220 videatur,
929 1179 1033 1209 cum
1062 1161 1142 1210 sint
1165 1161 1329 1226 ingenti
1346 1163 1529 1227 regione

241 1236 468 1286 diduElae?
486 1235 737 1293 Stellarum,
753 1235 920 1297 inquit,
942 1234 1125 1281 duarum
1142 1234 1290 1282 lumen
1310 1235 1533 1294 miscetur,

242 1325 286 1360 et
304 1311 485 1373 praebet
501 1309 629 1356 unius
646 1307 847 1371 speciem.
864 1309 1036 1371 Nempe
1056 1307 1134 1366 (ic,
1152 1309 1530 1372 quemadmodum

243 1380 488 1429 rubicunda
522 1378 572 1427 fit
607 1379 744 1426 nubes
778 1379 878 1426 solis
913 1379 1084 1426 incursu
1104 1414 1118 1437 ,
1152 1380 1531 1444 quemadmodum

244 1452 490 1516 vespertina
516 1463 587 1498 aut
618 1452 831 1498 matutina
856 1450 1123 1507 flavescunt,
1155 1453 1533 1515 quemadmodum

245 1528 409 1574 alterne
429 1539 553 1570 arcus
573 1521 672 1569 solis
692 1521 859 1570 vifitur.
886 1524 1008 1569 Haec
1027 1522 1175 1569 omnia
1197 1524 1389 1586 primum
1408 1542 1533 1588 mag-

247 1617 304 1647 na
335 1597 382 1645 vi
412 1595 670 1643 efficiuntur.
702 1596 777 1642 Sol
810 1595 927 1642 enim
959 1595 1045 1652 est,
1073 1596 1151 1660 qui
1186 1595 1262 1642 ista
1296 1597 1535 1646 succendit.

248 1671 475 1719 Stellarum
500 1684 592 1714 non
616 1667 676 1715 est
699 1667 854 1715 eadem
885 1665 1095 1730 potentia.
1120 1666 1299 1716 Deinde
1327 1669 1435 1715 nihil
1453 1669 1536 1716 ho-

250 1761 378 1801 rum,
406 1741 484 1788 nisi
512 1739 627 1787 infra
651 1739 799 1787 lunam
834 1740 880 1786 in
904 1754 1119 1787 terrarum
1151 1739 1313 1787 vicinia
1338 1741 1536 1789 nascitur.

252 1816 486 1880 Superiora
504 1830 613 1876 pura
632 1824 675 1861 et
698 1813 860 1860 fincera
877 1813 1002 1869 sunt,
1023 1827 1067 1860 et
1092 1812 1256 1860 coloris
1275 1811 1337 1859 sui
1355 1813 1539 1876 semper.

253 1892 482 1936 Praeterea
498 1886 527 1932 fi
551 1885 659 1950 quid
671 1886 757 1933 tale
775 1885 993 1934 accideret
1006 1921 1020 1945 ,
1041 1901 1131 1932 non
1150 1885 1328 1933 haberet
1345 1901 1537 1941 moram,

222 2003 223 2006 ,
254 1962 332 2010 sed
361 1959 704 2023 exstingueretur
728 1959 848 2006 cito:
882 1959 990 2005 ficut
1013 1974 1232 2016 coronae,
1266 1973 1377 2021 quae
1401 1958 1539 2005 solem

253 2035 462 2081 lunamve
485 2033 692 2096 cingunt,
716 2031 826 2077 intra
850 2030 1147 2078 breviffimum
1167 2030 1351 2093 spatium
1371 2030 1540 2078 exoles-

257 2120 378 2156 cunt.
401 2106 497 2153 Nec
517 2122 643 2152 arcus
666 2105 846 2168 quidem
867 2105 941 2152 diu
961 2105 1219 2168 perseverat.
1250 2104 1293 2150 Si
1313 2103 1419 2167 quid
1437 2103 1541 2151 esset

256 2181 340 2229 tale
354 2216 368 2238 ‚
394 2197 486 2243 quo
504 2179 700 2226 medium
726 2179 839 2226 inter
859 2180 964 2226 duas
985 2178 1122 2225 stellas
1141 2177 1323 2240 spatium
1347 2176 1542 2225 confun-

258 2255 460 2311 deretur,
483 2270 621 2316 aeque
642 2252 734 2300 cito
757 2252 1033 2299 dilaberetur.
1062 2251 1231 2314 Utique
1260 2266 1351 2296 non
1377 2249 1422 2296 in
1447 2264 1542 2297 tan-

252 2339 350 2374 tum
370 2340 564 2372 maneret
577 2362 590 2383 ,
610 2340 820 2389 quantum
840 2324 1006 2371 morari
1026 2325 1239 2371 Cometae
1260 2323 1409 2370 solent.
1434 2322 1543 2367 Stel-

255 2399 308 2447 lis
327 2399 438 2446 intra
456 2398 721 2463 Signiferum
737 2399 884 2448 cursus
901 2398 979 2459 est,
994 2399 1111 2449 hunc
1124 2395 1291 2463 'gyrum
1312 2407 1541 2460 premunt:
