1730 2870
377 102 993 162 NATURQUAEST.
1042 103 1233 150 LIB.1.
1354 106 1437 152 161

168 224 252 271 que
267 207 416 255 solent.
436 206 671 268 Superiora
686 220 828 253 autem
846 224 934 253 non
948 208 1106 255 hebent
1120 225 1326 256 coronas:
1343 212 1445 274 quia

169 297 223 326 ne
251 290 409 326 ventos
439 279 634 340 quidem.
672 279 752 324 His
784 279 1047 342 argumentis
1074 293 1116 326 et
1141 280 1247 326 illud
1273 282 1411 329 adiice
1432 316 1448 339 ‚

167 368 392 415 nunquam
412 367 629 397 coronam
651 351 825 416 colligi,
855 353 929 398 nisi
953 352 1090 399 stabili
1116 355 1213 400 ac're
1236 371 1280 401 et
1303 355 1449 418 pigro.

168 427 308 473 Aliter
334 442 425 471 non
448 425 555 472 solet
584 425 759 488 adspici.
798 429 910 473 Nam
939 426 1014 489 qui
1041 426 1118 474 stat
1147 429 1252 484 aer,
1281 429 1446 491 impelli

168 513 212 548 et
235 500 420 557 deduci,
446 511 488 545 et
513 500 557 546 in
589 500 775 562 aliquam
803 499 957 549 faciem
991 499 1095 564 fingi
1126 501 1278 564 potest.
1304 504 1341 549 Is
1370 519 1448 548 au-

167 585 254 618 tem
280 564 356 635 ciui
376 572 501 630 fluit,
524 590 575 619 ne
600 572 753 620 teritur
784 573 961 635 quidem
992 572 1166 621 lumine.
1204 576 1307 621 Non
1327 576 1447 622 enim

167 645 409 702 formatur,
435 662 515 693 nec
539 644 714 692 resistit:
738 644 838 708 quia
858 645 997 707 prima
1024 663 1225 710 quaeque
1241 665 1336 709 pars
1354 648 1448 695 eius

167 718 400 781 diffipatur.
427 720 664 782 Nunquam
691 735 797 782 ergo
828 720 964 765 ullum
995 719 1106 768 fidus
1130 721 1257 768 talem
1288 721 1362 767 fibi
1380 721 1448 768 ef-

167 789 312 853 figiem
342 790 656 847 circumdabit,
691 791 767 836 nisi
797 806 897 836 curn
929 792 1002 836 a'er
1024 791 1108 839 erit
1135 792 1288 839 densus
1315 806 1449 857 atque

165 863 394 920 immotus,
419 878 461 910 et
490 865 550 910 ob
582 865 669 912 hoc
695 863 941 911 custodiens
959 864 1222 912 incidentem
1249 866 1294 912 in
1314 866 1354 913 se
1375 884 1446 914 ro-

167 936 290 982 tundi
318 937 476 983 lineam
499 937 674 985 luminis
699 954 710 984 :
734 954 814 984 nec
844 936 930 983 {ine
956 938 1090 985 causa.
1129 940 1297 1002 Repete
1323 941 1445 988 enim

166 1008 446 1069 exemplum,
477 1009 599 1072 quod
627 1008 757 1070 paulo
787 1025 887 1055 ante
919 1010 1146 1072 proposui.
1175 1012 1364 1073 Lapillus
1397 1013 1444 1060 in

139 1081 371 1142 -piscinarn
398 1094 468 1127 aut
484 1083 624 1128 lacum
645 1094 686 1128 et
711 1082 897 1145 aliqu-am
922 1082 1137 1146 alligatam
1157 1100 1313 1145 aquam
1336 1086 1442 1133 mis-

166 1154 260 1209 sus,
289 1153 475 1200 circulos
495 1153 598 1200 facit
628 1154 964 1201 innumerabiles
987 1170 1057 1201 :et
1082 1156 1167 1201 hoc
1196 1156 1312 1202 idem
1348 1175 1442 1205 non

164 1223 269 1270 facit
294 1224 340 1270 in
367 1224 559 1271 flumine.
597 1225 781 1285 Quare?
807 1226 907 1287 quia
939 1240 1119 1270 omnem
1151 1223 1337 1288 figuram
1368 1228 1443 1275 fu-

163 1297 284 1358 giens
311 1314 421 1360 aqua
447 1297 668 1345 disturbat.
697 1298 815 1344 Idem
846 1313 954 1360 ergo
985 1297 1029 1343 in
1064 1298 1162 1344 aere
1194 1299 1368 1358 evenit,
1395 1316 1443 1349 ut

161 1372 232 1418 ille
261 1371 335 1434 qui
364 1385 528 1430 manet,
562 1372 690 1432 poffit
720 1371 896 1436 figurari
916 1385 987 1420 :at
1012 1372 1081 1418 ille
1109 1373 1185 1435 qui
1216 1374 1380 1436 rapitur
1397 1390 1442 1422 et

163 1443 318 1500 currit,
344 1461 436 1490 non
456 1445 527 1490 det
552 1444 614 1490 sui
642 1445 896 1506 potestatem
911 1481 923 1500 ‚
947 1458 987 1491 et
1008 1461 1184 1490 omnem
1207 1445 1338 1492 ictum
1360 1464 1441 1494 ve-

165 1515 444 1578 nientemque
475 1515 663 1561 formam
688 1516 901 1566 exturbet.⁴
917 1519 1037 1574 Hae,
1064 1518 1117 1563 de
1141 1518 1299 1581 quibus
1317 1521 1409 1567 dixi
1425 1543 1461 1577 ‚-

164 1601 384 1641 coronae,
412 1602 509 1632 cum
538 1584 723 1646 dilapsae
746 1585 841 1632 sum
863 1585 1126 1648 aequaliter,
1152 1603 1193 1633 et
1214 1588 1259 1632 in
1285 1587 1442 1636 semet-

164 1658 263 1720 ipfis
291 1659 571 1716 evanuerint,
599 1658 861 1721 significatur
886 1661 997 1706 a'e'ris
1024 1659 1147 1722 quies
1170 1673 1211 1706 et
1239 1661 1376 1708 otium
1396 1676 1442 1710 et

162 1732 461 1794 tranquillitas.
509 1732 624 1777 Cum
662 1732 715 1776 ab
755 1749 839 1778 una
879 1746 1000 1794 parte
1036 1732 1284 1790 cesserunt,
1320 1737 1441 1784 illinc

164 1817 319 1850 ventus
349 1805 410 1850 est
438 1805 553 1850 unde
582 1802 818 1850 finduntur.
856 1804 898 1850 Si
922 1817 1072 1865 ruptae
1105 1807 1302 1869 pluribus
1330 1809 1442 1857 locis

163 1876 289 1936 sunt,
321 1877 550 1938 tempestas
578 1876 637 1923 fit.
671 1880 818 1937 Quare
848 1878 892 1923 id
920 1879 1086 1925 accidat
1104 1915 1118 1937 ‚
1148 1897 1202 1927 ex
1232 1882 1296 1929 his
1329 1901 1441 1947 quae

164 1950 250 1996 iam
278 1950 490 2012 exposui,
517 1950 698 2013 intelligi
727 1950 884 2012 potest.
912 1952 1024 1997 Nam
1046 1952 1075 1998 fi
1104 1952 1234 2002 facies
1267 1956 1440 2004 univer-

165 2024 205 2070 sa
227 2024 436 2080 subsedit,
457 2035 634 2086 apparet
655 2036 942 2086 temperatum
963 2023 1046 2070 effe
1063 2025 1162 2072 aera
1177 2062 1193 2083 ,
1209 2039 1251 2073 et
1271 2028 1326 2076 sic
1346 2030 1441 2092 pla-

161 2094 324 2141 cidum.
339 2096 380 2140 Si
395 2097 448 2142 ab
465 2113 548 2142 una
574 2108 692 2157 parte
706 2095 899 2142 intercisa
913 2095 988 2154 est,
1008 2113 1187 2158 apparet
1204 2098 1320 2159 inde,
1339 2103 1440 2149 aera

164 2168 419 2216 incumbere
433 2204 445 2226 ‚
464 2181 507 2215 et
526 2168 628 2215 ideo
650 2169 718 2215 illa
737 2169 858 2231 regio
887 2180 1069 2217 ventur-n
1089 2170 1219 2218 dabit.
1255 2176 1315 2220 At
1337 2191 1439 2221 cum

164 2241 357 2304 undique
377 2253 418 2286 et
445 2256 680 2303 concerpta
698 2256 740 2287 et
758 2241 939 2288 lacerata
967 2241 1029 2289 est
1047 2277 1061 2300 ‚
1081 2243 1356 2293 manifestum
1377 2247 1439 2296 est

163 2328 187 2357 a
205 2312 399 2373 plumbus
419 2313 644 2375 partibus
633 2332 678 2360 ιη
697 2314 811 2360 illam
840 2315 1052 2377 impetum
1073 2314 1191 2375 fieri,
1208 2334 1251 2365 et
1271 2318 1441 2383 inquie-

162 2394 255 2430 tum
280 2384 346 2429 ae'·
344 2400 379 2429 a
401 2384 505 2430 hinc
521 2397 649 2448 atque
677 2384 734 2430 ill
725 2402 794 2432 mc
819 2386 983 2435 affilire.
1008 2389 1156 2451 ltaque
1186 2405 1240 2437 ex
1265 2392 1377 2442 hac
1366 2411 1436 2441 m-

227 2457 277 2506 L.
305 2458 431 2506 A’zrz.
461 2461 630 2507 Seneca.
662 2461 753 2508 Vol.
768 2460 855 2505 IV
1176 2490 1217 2517 μ
