1730 2870
518 155 1085 202 Epist-otiati.
1377 160 1432 222 ες

454 309 931 352 EPISTOLA
1005 302 1153 352 CIX.

172 451 489 517 Quaestiuncula
508 485 521 507 ,
553 453 631 496 An
639 449 814 510 fizpiens
832 449 1039 509 sapienti,
1060 446 1102 495 δ’
1128 451 1328 509 quomodo
1343 467 1440 508 pro-

213 527 316 590 sit?
344 526 476 582 Causa
491 525 737 577 dubitandi,
759 523 854 582 quia
878 524 1020 566 onmia
1028 521 1202 580 summa
1220 524 1265 565 in
1273 523 1445 581 sapieta—

230 616 290 656 te,
319 616 390 642 nec
416 597 629 641 adiec‘lioni
655 599 781 640 locus.
820 594 1050 654 Respondet
1079 612 1215 638 tamen
1239 593 1442 655 prodeſje,

229 669 274 716 δ’
309 668 489 733 Δι’]ἰὶηὲἶε
519 669 765 728 exsequitur.
813 669 868 710 ln
893 666 983 724 fine
1012 669 1224 731 detestatur
1255 671 1439 727 argutias

231 744 413 788 inutiles.

170 848 327 964 AN
364 909 529 974 sapiens
562 907 737 973 sapienti
766 905 924 971 profit,
954 907 1063 955 scire
1092 905 1316 955 desideras.
1358 906 1444 954 Di-

169 986 309 1033 cimus
340 984 515 1046 plenum
548 982 672 1028 omni
700 981 824 1026 bono
848 980 933 1028 effe
966 981 1201 1043 sapientem
1220 1015 1232 1035 ‚
1258 991 1300 1024 et
1330 978 1446 1024 sum-2

169 1075 243 1104 ma
272 1056 474 1118 adeptum
498 1071 508 1100 :
531 1054 763 1115 quomodo
783 1053 981 1115 prodesse
1007 1053 1160 1116 aliquis
1186 1050 1314 1114 poffit
1333 1051 1445 1097 sum-

168 1148 290 1178 mum
327 1129 492 1174 bonum
525 1125 729 1183 habenti,
765 1126 1003 1189 quaeritur.
1049 1125 1231 1173 Prosunt
1256 1124 1368 1170 inter
1398 1124 1441 1171 se

168 1202 303 1248 boni:
325 1208 531 1245 exercent
560 1197 676 1243 enim
707 1198 889 1245 virtutes
906 1234 919 1255 ‚
947 1212 990 1245 et
1016 1197 1268 1261 sapientiam
1296 1197 1340 1242 in
1368 1197 1446 1244 suo

169 1273 276 1319 statu
301 1270 544 1318 continent.
564 1269 771 1316 desiderat
789 1283 973 1332 uterque
993 1271 1206 1334 aliquem,
1233 1286 1334 1315 cum
1355 1285 1448 1332 quo

169 1343 397 1399 conferat,
425 1357 525 1396 cum
553 1357 644 1405 quo
678 1354 872 1404 quaerat.
912 1342 1082 1388 Peritos
1108 1341 1290 1388 luctandi
1308 1375 1321 1397 ,
1349 1342 1450 1388 usus

169 1432 346 1466 exercet
368 1435 378 1463 :
410 1414 642 1472 musteum,
669 1415 744 1478 qui
774 1415 892 1478 paria
918 1416 1098 1472 didicit,
1130 1431 1296 1462 monet.
1322 1419 1449 1479 Opus

170 1491 231 1539 est
249 1502 293 1537 et
319 1488 519 1552 sapienti,
545 1487 780 1550 agitatione
804 1486 1033 1534 virtutum.
1070 1492 1133 1535 Ita
1160 1490 1448 1551 quemadmo-

171 1565 277 1612 dum
314 1563 401 1626 ipse
433 1562 474 1607 se
513 1574 696 1618 movet,
732 1559 788 1606 fic
831 1574 1039 1607 movetur
1073 1563 1127 1607 ab
1160 1562 1247 1607 alio
1279 1562 1448 1623 sapien-

170 1653 226 1685 te.
256 1635 378 1696 Quid
405 1633 571 1696 sapiens
598 1632 779 1695 sapienti
808 1632 1034 1694 proderit?
1062 1632 1271 1696 impetum
1296 1634 1355 1680 illi
1374 1635 1450 1681 da-

169 1710 248 1766 bit,
263 1706 513 1754 occasiones
534 1704 754 1751 actionum
774 1704 1050 1752 honestarum
1072 1706 1448 1755 commonstrabit·

170 1783 344 1827 Praeter
366 1780 487 1835 haec,
509 1777 672 1840 aliquas
697 1775 790 1823 suas
812 1776 1098 1840 cogitationes
1114 1778 1352 1840 exprimet,
1372 1780 1449 1826 do-

171 1852 287 1899 cebit
317 1866 428 1914 quae
454 1848 684 1895 invenerit.
718 1850 899 1911 Semper
923 1848 1040 1895 enim
1069 1849 1246 1911 sapienti
1276 1850 1450 1897 restabit

171 1924 296 1990 quod
319 1922 538 1979 inveniat,
565 1934 606 1968 et
632 1937 725 1985 quo
749 1922 917 1969 animus
938 1922 1029 1969 eius
1058 1939 1270 1970 excurrat.
1312 1925 1450 1972 Malus

172 1997 289 2043 malo
315 2008 470 2050 nocet,
501 1993 603 2040 facit
635 1994 831 2057 peiorem
849 2029 861 2051 ,
892 1993 999 2040 iram
1018 2027 1032 2050 ,
1060 2008 1227 2041 metum
1259 1995 1447 2042 incitan-

172 2070 259 2127 do,
287 2067 477 2114 tristitiae
508 2060 802 2123 assentiendo,
833 2065 1087 2128 voluptates
1117 2066 1335 2113 laudando
1366 2084 1375 2113 :
1406 2081 1448 2115 et

172 2155 276 2189 tunc
306 2140 494 2187 maxime
516 2140 714 2186 laborant
741 2138 864 2199 mali,
896 2139 969 2187 ubi
1000 2139 1187 2203 plurium
1214 2139 1319 2187 vitia
1343 2140 1448 2186 mis·-

174 2231 306 2262 cuere
320 2248 333 2271 ,
354 2228 397 2260 et
414 2214 457 2260 in
478 2228 614 2262 unum
634 2213 791 2260 collata
817 2214 1009 2277 nequitia
1029 2212 1089 2260 est
1110 2230 1120 2260 z
1141 2229 1247 2276 ergo
1266 2229 1321 2260 ex
1340 2229 1450 2261 con-

173 2290 337 2348 trario,
375 2289 521 2337 bonus
557 2291 679 2338 bono
709 2290 920 2353 proderit.
970 2291 1259 2353 Quomodo?
1292 2291 1450 2356 inquis,

175 2366 398 2413 Gaudium
426 2365 485 2413 illi
513 2365 685 2424 afferet,
713 2364 917 2413 fiduciam
945 2365 1245 2426 confirmabit,
1266 2382 1318 2414 ex
1341 2384 1450 2414 cone·

177 2442 323 2506 spectu
350 2454 526 2489 mutuae
545 2441 872 2505 ‚tranquillitatis
897 2441 1058 2490 crescet
1082 2443 1302 2506 utriusque
1324 2442 1451 2490 laeti=⁹

243 2517 290 2561 L.
322 2518 446 2560 Arm.
487 2517 652 2561 Seneca.
694 2516 788 2560 Vol.
816 2515 903 2563 IV.
1196 2517 1232 2560 E
