1730 2870
552 153 1130 201 EPISTOLAE.
1389 167 1474 206 107

212 287 297 316 nex
330 268 463 316 fastus
491 285 550 315 es.
577 268 755 331 Alioqui
783 268 891 331 quid
926 268 968 314 in
1001 284 1127 314 mora
1161 266 1255 314 est?
1281 283 1414 314 nemo
1438 281 1482 314 te

212 353 352 396 tenet,
381 341 516 387 evade
548 357 633 404 qua
658 340 797 387 visum
826 340 899 387 est.
926 340 1044 403 Elige
1069 340 1306 403 quamlibet
1334 356 1483 386 rerum

214 427 386 461 naturae
420 427 582 475 partem
603 450 615 471 ,
651 430 737 476 qua
772 414 852 460 tibi
888 414 1082 477 praeberi
1121 414 1287 459 exitum
1323 412 1484 458 iubeas.

213 488 332 533 Haec
357 503 512 548 nempe
541 485 633 533 sunt
656 487 863 533 elementa
880 522 893 544 ‚
917 485 1073 548 quibus
1091 486 1161 533 hic
1189 486 1376 532 mundus
1406 483 1483 530 ad-

212 560 472 606 ministratur
493 597 505 617 ,
538 579 670 623 aqua,
707 573 843 615 terra,
877 559 1060 621 spiritus.
1098 561 1265 606 Omnia
1295 559 1370 605 ista
1398 570 1486 604 tam

213 633 337 680 cansa
364 634 544 680 vivendi
569 634 683 690 sunt,
710 649 837 694 quam
867 633 965 678 viae
998 632 1162 678 mortis.
1192 635 1253 678 Ita
1273 630 1485 694 quampri-

214 722 335 752 mum
359 706 537 753 moriar.
579 706 921 768 Quamprimum
952 704 1086 761 istud,
1112 706 1235 768 quod
1261 705 1343 751 effe
1377 703 1484 753 vis?

212 795 343 840 quem
372 778 429 824 illi
465 779 579 825 diem
606 779 764 840 ponis?
793 778 919 825 citius
941 775 1045 823 *fieri
1068 794 1198 840 quam
1223 791 1375 837 optas,
1408 791 1489 837 po-

212 849 303 896 test.
338 851 584 897 Imbecillae
616 851 773 897 mentis
802 850 876 896 ista
906 852 1000 896 sum
1038 849 1196 905 verba,
1228 863 1269 895 et
1310 849 1389 894 hac
1418 849 1489 893 de-

212 924 435 971 testatione
467 925 805 972 misericordiam
837 924 1061 987 captantis.
1089 925 1196 969 Non
1221 923 1313 970 vult
1344 922 1489 979 mori,

212 997 284 1059 qui
318 1010 452 1059 optat.
498 998 624 1044 Deos
659 999 793 1044 vitam
828 1016 967 1062 roga,
1001 1010 1044 1044 et
1070 998 1244 1043 salutem
1272 1015 1283 1043 :
1311 997 1342 1043 fi
1375 995 1491 1043 mori

212 1070 394 1130 placuit,
415 1071 484 1117 hic
507 1071 659 1118 mortis
676 1071 735 1117 est
754 1072 937 1124 nucius,
958 1083 1112 1132 optare
1130 1070 1332 1116 desinere.
1351 1070 1491 1125 Haec,

211 1143 274 1189 mi
293 1142 454 1201 Lucili,
479 1145 730 1200 traiiernus,
765 1145 831 1190 his
861 1144 1100 1190 formemus
1126 1143 1336 1188 animum.
1369 1143 1490 1189 Haec

211 1216 272 1262 est
300 1217 502 1279 sapientia
527 1256 539 1273 ‚
571 1219 657 1265 hoc
689 1217 750 1264 est
779 1219 955 1280 sapere,
1000 1234 1090 1262 non
1125 1215 1492 1277 disputatiunculis

211 1290 411 1338 inanibus
439 1292 716 1339 subtilitatem
739 1292 1010 1339 vaniffimam
1030 1291 1203 1354 agitare.
1232 1291 1326 1336 Tot
1354 1306 1491 1352 quae-

213 1363 373 1411 stiones
407 1366 486 1411 tibi
521 1365 695 1411 fortuna
732 1365 890 1428 posuit.
928 1365 1124 1410 nondum
1157 1364 1250 1408 illas
1285 1361 1449 1408 solvisti
1479 1379 1491 1409 ε

215 1436 299 1482 iazn
325 1438 549 1484 cavillaris.
584 1440 729 1498 Quam
750 1438 922 1484 stultum
950 1437 1010 1482 est
1027 1473 1041 1495 ,
1072 1454 1170 1482 cum
1201 1435 1366 1498 signum
1384 1451 1493 1498 pug-

216 1525 294 1554 nae
323 1512 569 1572 acceperis,
604 1509 843 1557 ventilare?
893 1525 1077 1555 remove
1109 1508 1186 1554 ista
1222 1506 1380 1554 lusoria
1419 1523 1491 1552 at·-

216 1600 284 1627 ma
302 1615 315 1636 ‚
337 1583 589 1629 decretoriis
610 1600 721 1645 opus
753 1582 826 1629 est.
862 1584 950 1629 Dic
969 1599 1054 1645 qua
1082 1581 1249 1627 ratione
1268 1580 1383 1626 nulla
1401 1580 1494 1625 ani-

214 1673 335 1708 mum
377 1656 570 1714 tristitia,
603 1657 717 1702 nulla
746 1655 942 1701 formido
972 1654 1224 1717 perturbet:
1248 1671 1333 1716 qua
1358 1653 1492 1698 ratio-

215 1744 269 1773 ne
304 1728 391 1772 hoc
426 1728 682 1775 secretarum
723 1728 1011 1789 cupiditatum
1051 1726 1222 1788 pondus
1256 1724 1493 1772 effundam.

216 1805 377 1861 Agatur
400 1801 576 1863 aliquid.
607 1800 821 1861 Sapientia
853 1802 1017 1845 bonum
1043 1799 1103 1845 est
1121 1836 1133 1855 ‚
1155 1800 1300 1860 sapere
1323 1816 1414 1845 non
1433 1797 1494 1844 est

215 1872 396 1918 bonum.
417 1873 486 1918 Sic
505 1872 566 1918 fit.
587 1889 815 1936 negemus,
841 1872 987 1934 sapere
1010 1873 1178 1918 bonum
1201 1871 1283 1918 effe
1305 1889 1314 1917 ε
1335 1886 1381 1918 ut
1406 1872 1492 1918 hoc

216 1956 359 1989 totum
395 1940 581 1990 studium
611 1945 856 1991 derideatur
877 1981 890 2002 ,
928 1957 1133 2006 tanquam
1157 1956 1387 2006 operatum
1421 1943 1492 1988 su-

217 2018 461 2078 pervacuis.
486 2017 611 2077 Quid
636 2017 665 2062 si
693 2016 819 2064 scires
845 2018 973 2064 etiam
999 2018 1105 2064 illud
1131 2016 1312 2080 quaeri,
1337 2033 1391 2063 an
1410 2017 1492 2062 bo·-

218 2108 323 2135 num
350 2091 398 2136 fit
422 2090 566 2137 futura
596 2091 830 2152 sapientia?
861 2092 982 2151 Quid
1012 2092 1128 2138 enim
1160 2091 1278 2136 dubii
1310 2090 1386 2146 est,
1407 2107 1491 2138 oro

218 2176 260 2208 te
281 2198 292 2218 ,
329 2178 382 2207 an
417 2180 496 2209 nec
530 2164 707 2210 meffem
744 2164 930 2210 futuram
969 2164 1053 2210 iam
1089 2163 1269 2213 sentiant
1303 2164 1490 2221 horrea,

218 2253 298 2280 nec
332 2234 519 2280 futuram
543 2236 891 2283 adolescentiam
907 2238 1089 2299 pueritia
1119 2238 1283 2284 viribus
1307 2251 1380 2283 aut
1402 2239 1491 2302 ulio

217 2311 381 2356 robore
412 2310 651 2373 intelligat?
692 2313 841 2374 Aegro
871 2313 1045 2359 interim
1082 2312 1186 2358 nihil
1217 2325 1399 2359 ventura
1430 2313 1491 2358 sa-³

219 2383 327 2428 nitas
355 2382 557 2443 prodest,
590 2400 679 2430 non
706 2385 862 2447 magis,
887 2402 1017 2445 cfuam
1048 2398 1293 2432 currentem
1325 2386 1490 2432 luiten-

219 2469 396 2519 temque
421 2455 518 2519 post
539 2457 697 2503 multos
725 2456 973 2503 secuturum
1006 2458 1144 2505 sensus
1165 2461 1306 2505 otium
1337 2452 1492 2506 reficis·
