1730 2870
327 120 591 169 NATUR.
643 117 944 178 QUAEST.
993 116 1113 162 ΜΒ.
1151 117 1205 160 V.
1321 130 1408 177 303

137 241 374 276 ventorum
402 227 488 275 effe
503 262 516 285 ‚
536 225 659 289 quod
679 225 790 272 coeli
811 223 1069 271 discrimina.
1089 222 1276 270 Coelum
1300 223 1418 270 enim

139 302 351 349 dividitur
380 300 424 346 in
458 299 648 346 circulos
673 298 870 360 quinque
890 332 903 354 ,
931 297 1007 361 qui
1033 313 1112 359 per
1136 295 1290 342 mundi
1322 312 1420 342 car-

139 375 262 422 dines
299 384 418 420 eunt.
448 371 522 418 Est
555 370 942 434 septemtrionalis,
979 370 1038 416 est
1071 369 1325 424 solstitialis,
1358 369 1420 416 est

139 444 469 510 aequinoffialis
488 479 502 499 ,
529 443 589 491 est
618 443 824 490 brumalis
841 478 855 501 ‚
885 442 946 489 est
965 442 1208 488 contrarius
1235 441 1422 504 septem-

138 518 328 565 trionali.
364 518 444 563 His
469 517 611 563 sextus
637 515 804 562 accedit
820 549 834 571 ,
857 514 934 578 qui
963 514 1233 576 superiorem
1255 525 1424 576 partem
1463 520 1466 525 ⁴

140 592 296 641 mundi
327 592 381 638 ab
410 590 618 639 inferiore
647 589 840 637 secernit.
884 587 1045 636 Ut'scis
1069 587 1186 634 enirn
1204 623 1217 645 ‚
1246 588 1426 635 dimidia

142 683 240 730 pars
272 665 423 712 mundi
451 664 620 726 semper
646 664 771 726 supra
793 697 806 719 ,
837 660 1019 708 dimidia
1050 660 1160 707 infra
1192 660 1262 707 est.
1298 661 1426 709 Hanc

141 739 300 786 lineam
321 772 334 794 ‚
370 753 481 800 quae
524 737 636 783 inter
670 749 818 798 aperta
850 746 896 780 et
923 732 1099 784 occulta
1136 731 1196 778 est
1218 767 1232 788 ,
1267 731 1430 779 Graeci

142 816 317 870 ὁρίζοντα
331 821 520 856 vocant:
551 808 687 855 nostri
708 806 941 856 finitorem.
954 804 1103 854 d‘ffxere
1122 839 1138 861 ‚
1172 804 1244 850 alii
1270 804 1430 852 finien-

145 893 248 929 tem.
274 882 558 930 Adiiciendus
589 881 649 928 est
679 881 733 927 ad
765 881 884 927 hunc
920 877 1184 925 meridianus
1212 877 1398 926 circulus
1416 913 1432 937 ,

144 955 223 1018 qui
258 955 490 1002 horizonta
526 953 651 1002 τεθεὶς
680 952 845 1015 angulis
879 951 1002 998 secat.
1039 953 1105 996 Ex
1142 950 1208 997 his
1249 951 1432 1014 quidam

147 1029 297 1075 circuli
316 1029 360 1074 in
382 1027 620 1083 transversa
645 1038 852 1083 currunt,
884 1037 929 1072 et
949 1025 1057 1071 alios
1083 1024 1332 1071 interventu
1353 1024 1432 1071 suo

148 1100 362 1148 scindunt.
379 1100 558 1149 Neceffe
578 1113 720 1146 autem
742 1098 825 1158 est,
844 1109 912 1146 tot
930 1097 1040 1144 aeris
1060 1097 1308 1144 discrimina
1329 1098 1433 1157 effe,

149 1188 261 1239 quot
281 1189 434 1238 partes.
455 1179 574 1240 Ergo
593 1174 782 1222 horizon
800 1174 889 1222 five
907 1173 1062 1220 finiens
1081 1173 1289 1230 circulus,
1308 1173 1434 1236 quin·

148 1266 236 1312 que
256 1250 354 1297 illos
381 1251 509 1297 orbes
524 1286 538 1309 ‚
572 1267 686 1314 quos
717 1250 856 1296 modo
880 1248 971 1295 dixi
992 1246 1085 1293 fieri
1103 1281 1116 1304 ‚
1149 1247 1261 1294 secat
1281 1281 1293 1304 ,
1311 1261 1354 1292 et
1373 1245 1436 1293 efi-

151 1320 245 1367 ficit
262 1322 415 1369 decem
437 1333 579 1383 partes
598 1356 611 1379 ‚
630 1321 823 1384 quinque
841 1320 895 1366 ab
916 1332 1044 1377 ortu,
1062 1317 1260 1381 quinque
1287 1318 1339 1364 ab
1360 1334 1439 1370 oer-⁴

155 1394 265 1440 casu.
288 1394 558 1441 Meridianus
578 1393 793 1451 circulus,
812 1391 888 1456 qui
911 1392 956 1438 in
972 1390 1204 1458 horizonta
1224 1391 1438 1449 incurrit,

152 1466 355 1529 regiones
387 1467 492 1513 duas
519 1466 681 1513 adiicit.
715 1465 785 1514 Sic
815 1463 1058 1512 duodecim
1091 1464 1164 1509 ae'r
1190 1463 1442 1510 discrimina

156 1538 343 1601 accipit,
375 1550 417 1586 et
450 1538 632 1587 totidem
660 1538 762 1585 facit
791 1550 963 1586 ventos.
984 1536 1179 1597 Quidam
1209 1537 1302 1582 sunt
1326 1545 1442 1599 quo-

153 1612 340 1657 tundam
358 1611 565 1658 locorum
584 1610 756 1674 proprii
775 1646 788 1668 ‚
805 1610 881 1674 qui
904 1625 995 1656 non
1025 1608 1316 1656 transmittunt
1336 1641 1348 1664 ,
1368 1608 1443 1654 sed

155 1682 204 1729 in
228 1684 482 1746 proximum
507 1684 668 1731 ferunt.
697 1684 804 1729 Non
837 1681 898 1728 est
928 1681 1008 1727 illis
1034 1697 1056 1726 a
1090 1681 1220 1727 latere
1253 1679 1444 1728 univerfi

159 1757 314 1802 mundi
339 1756 536 1818 impetus.
580 1756 795 1802 Atabulus
829 1754 1030 1816 Apuliam
1067 1753 1270 1811 infestat,
1314 1755 1446 1800 Cala-

158 1827 300 1874 briam
332 1830 500 1892 Iapyx,
527 1827 719 1874 Athenas
749 1826 929 1882 Sciron,
954 1826 1262 1893 Pamphyliam.
1290 1826 1446 1873 Catae-

161 1901 248 1965 gis,
273 1901 458 1947 Galliam
488 1900 682 1948 Circius:
713 1899 784 1946 cui
812 1898 1007 1946 aedificia
1031 1899 1273 1962 quassanti,
1299 1911 1449 1945 tamen

162 1974 507 2038 incolae'gratias
530 1988 687 2037 agunt,
718 1990 922 2037 tanquam
943 1973 1232 2020 salubritatem
1252 1973 1364 2021 coeli
1386 1972 1451 2020 sui

163 2049 350 2096 debeant
372 2048 426 2095 ei.
449 2049 601 2096 Divus
619 2059 734 2095 certe
753 2046 968 2110 Augustus
998 2048 1212 2108 templum
1234 2047 1291 2093 illi
1306 2083 1318 2105 ‚
1345 2064 1449 2094 cum

163 2121 209 2167 in
230 2121 368 2167 Gallia
400 2132 670 2176 moraretur,
696 2130 738 2164 et
758 2118 888 2165 vovit
906 2130 950 2164 et
979 2117 1096 2164 fecit.
1118 2117 1340 2165 Infinitum
1363 2118 1452 2176 est,

166 2193 197 2240 fi
216 2194 402 2256 singulos
428 2193 560 2241 velim
589 2191 801 2255 persequi.
834 2192 963 2237 Nulla
980 2192 1097 2239 enim
1116 2193 1450 2255 propemodum

167 2266 294 2329 regio
315 2264 400 2322 est,
419 2281 530 2327 quae
550 2282 639 2310 non
659 2265 812 2310 habeat
830 2263 1021 2326 aliquem
1038 2262 1191 2310 flatum
1211 2281 1267 2312 ex
1285 2265 1326 2311 se
1355 2266 1452 2314 nas-

166 2350 367 2395 centem,
393 2350 438 2384 et
465 2337 577 2384 circa
595 2337 636 2383 se
653 2337 895 2383 cadentem.

236 2412 402 2460 XVIII.
442 2413 558 2460 Inter
587 2423 731 2458 cetera
762 2408 908 2472 itaque
941 2408 1255 2458 Providentiae
1289 2421 1452 2475 opera,'
