1730 2870
314 178 417 228 ,¹74
547 164 596 210 L.
656 160 955 208 ANNAEI
1016 162 1367 213 SENECAE

321 282 412 316 tum
433 268 640 332 imagines
656 301 669 324 ‚
690 285 768 315 nec
794 268 1040 331 exprimunt
1060 288 1071 317 :-
1091 283 1135 318 et
1153 271 1214 318 ob
1234 272 1367 334 ipsam
1387 271 1590 322 viciniam

316 343 515 401 turbant,
541 356 584 389 et
609 342 653 388 in
674 341 859 404 speciem
882 343 1044 389 coloris
1069 344 1196 391 unius
1227 345 1464 392 adducunt.

381 418 497 462 VIII.
530 418 587 461 At
616 431 752 478 quare
787 431 911 462 arcus
935 433 1025 462 nrn
1052 416 1204 480 implet
1227 419 1411 477 orbem,
1442 420 1511 467 sed
1529 419 1593 466 di-

315 489 447 536 midia
473 503 569 552 pars
594 488 682 534 eius
713 486 909 543 videtur,
937 505 1036 535 cum
1056 489 1292 552 plurimum
1318 491 1588 554 porrigitur,

312 560 689 624 incurvaturque?
729 562 922 621 Quidam
955 559 1014 607 ita
1035 562 1278 624 opinantur.
1311 560 1385 611 Sol
1409 581 1509 612 cum
1541 566 1590 612 fit

312 635 454 682 multo
484 633 613 681 altior
639 634 849 689 nubibus,
882 651 904 680 a
928 633 1150 696 superiore
1178 647 1343 682 tantum
1377 637 1469 683 illas
1488 654 1586 699 per-

312 709 422 757 cutit
444 722 564 774 parte
585 728 594 755 :
620 709 810 772 sequitur
833 724 880 756 ut
897 708 1079 755 inferior
1097 727 1194 773 pars
1219 728 1366 758 earum
1391 730 1482 759 non
1500 728 1588 760 tan·

309 795 432 848 gatur
460 784 639 830 lumine.
673 785 791 846 Ergo
823 798 923 829 curn
953 783 1007 829 ab
1045 801 1127 829 una
1156 797 1276 847 parte
1307 785 1438 832 solem
1466 788 1584 834 acci—

306 858 455 922 piant,
489 874 619 904 unam
657 869 821 918 partem
861 856 955 901 eius
984 868 1151 902 tanturn
1185 857 1439 916 imitantur,
1470 876 1580 923 quae

306 947 528 994 nunquam
559 928 738 976 dimidia
769 930 911 974 maior
940 927 1012 973 est.
1049 929 1150 974 Hoc
1174 940 1484 994 argumentum
1507 948 1582 993 pa·

302 1020 400 1050 rum
422 1014 576 1065 potens
595 1001 668 1048 est.
691 1000 872 1061 Quare?
908 1001 1007 1064 quia
1027 1001 1224 1065 quamvis
1245 1002 1307 1048 sol
1325 1018 1349 1047 a
1369 1001 1580 1084 superiori

303 1089 427 1140 parte
445 1076 519 1134 fit,
542 1089 678 1123 totam
699 1087 840 1121 tamen
865 1074 1053 1138 percutit
1080 1075 1251 1123 nubem.
1284 1077 1402 1140 Ergo
1430 1087 1472 1122 et
1495 1076 1579 1122 tin-

300 1151 377 1215 git.
405 1113 610 1210 Quidni?
635 1165 735 1194 cum
759 1147 907 1193 radios
936 1147 1225 1194 transmittere
1246 1147 1399 1206 soleat,
1416 1160 1460 1194 et
1484 1164 1577 1194 oms
1600 1187 1605 1191 .

298 1238 399 1268 nem
445 1213 694 1266 densitatem
734 1234 1024 1281 perrumpere.
1080 1210 1256 1264 Deinde
1307 1218 1572 1265 contrariam

298 1310 391 1341 rem
418 1291 648 1355 proposito
678 1290 755 1338 suo
776 1290 939 1337 dicunt
971 1291 1085 1337 Nam
1106 1289 1135 1336 fi
1169 1289 1366 1353 superior
1391 1289 1451 1336 est
1481 1289 1573 1347 sol,

297 1382 341 1413 et
368 1366 470 1412 ideo
497 1376 662 1410 tantum
699 1363 911 1425 superiori
948 1379 1069 1426 parte
1094 1363 1274 1410 nubium
1299 1361 1539 1409 affunditur
1559 1398 1571 1420 ,

297 1456 522 1503 nunquam
551 1453 663 1485 terra
692 1449 816 1483 tenus
847 1435 1067 1483 descendit
1096 1452 1230 1483 arcus.
1274 1435 1409 1499 Atqui
1441 1435 1574 1499 usque

292 1515 337 1562 in
367 1512 551 1558 humum
577 1508 834 1556 demittitur.
861 1509 1084 1555 Praeterea
1106 1525 1329 1572 nunquam
1351 1523 1441 1554 non
1463 1524 1570 1555 con-

294 1601 357 1634 tre
395 1586 531 1632 solem
563 1583 623 1629 est
655 1600 789 1630 arcus.
834 1581 956 1629 Nihil
993 1584 1045 1629 ad
1072 1601 1162 1630 rem
1194 1583 1415 1647 pertinet,
1447 1583 1570 1646 supra

292 1657 467 1705 infrave
487 1656 535 1702 fit
560 1672 569 1701 :
589 1654 690 1718 quia
713 1666 858 1700 totum
873 1688 886 1713 ‚
913 1655 1034 1718 quod
1055 1666 1205 1701 contra
1230 1653 1316 1711 est,
1339 1654 1446 1700 latus
1465 1671 1569 1700 ver-

291 1730 476 1777 beratur.
519 1728 694 1794 Deinde
730 1727 965 1791 aliquando
1000 1745 1147 1775 arcum
1181 1739 1224 1776 et
1259 1728 1467 1775 occidens
1499 1726 1590 1773 fa-'

291 1804 373 1862 cit,
399 1821 499 1851 cum
526 1814 639 1849 certe
668 1818 723 1848 ex
745 1801 952 1848 inferiore
981 1815 1103 1865 parte
1127 1803 1261 1849 nubes
1288 1799 1417 1857 ferit,
1442 1800 1565 1848 terris

289 1876 581 1940 propinquus.
608 1874 746 1938 Atqui
775 1886 819 1920 et
845 1886 948 1920 tunc
978 1874 1155 1920 dimidia
1176 1891 1273 1937 pars
1300 1873 1389 1932 est,
1416 1891 1564 1938 quam-

289 1952 359 1998 vis
379 1950 512 1996 solem
533 1948 673 1995 nubes
694 1965 749 1994 ex
773 1947 927 1993 humiii
950 1959 991 1993 et
1017 1947 1193 1994 sordido
1214 1946 1442 2010 accipian-t.
1469 1949 1561 1995 No·
1587 1956 1589 1959 '

290 2022 362 2070 stri
392 2020 467 2085 qui
498 2019 555 2066 fic
582 2019 628 2064 in
655 2018 799 2077 nube,
836 2021 1068 2083 quomodo
1101 2019 1144 2065 in
1174 2019 1382 2083 speculo,
1416 2021 1562 2068 lumen

289 2095 412 2143 reddi
439 2094 626 2150 volunt,
652 2093 810 2137 nubem
837 2109 990 2139 cavam
1016 2091 1209 2155 faciunt,
1229 2104 1271 2138 et
1295 2092 1429 2139 se&ae
1450 2093 1562 2157 pilae

286 2184 457 2233 partem
491 2182 502 2215 :
538 2183 652 2230 quae
681 2181 772 2212 non
807 2164 947 2228 potest
980 2178 1122 2212 totum
1159 2167 1314 2212 orbem
1346 2168 1558 2225 reddere,

286 2242 389 2306 quia
409 2240 498 2304 ipsa
514 2240 580 2286 est
602 2255 698 2302 pars
721 2238 850 2285 orbis.
871 2238 1102 2299 Proposito
1124 2239 1312 2298 accedo,
1331 2256 1558 2303 argumen-

285 2329 331 2362 to
367 2331 458 2361 non
491 2312 733 2360 consentio.
773 2313 886 2357 Nam
912 2312 941 2357 fi
969 2312 1013 2358 in
1040 2329 1242 2359 concavo
1265 2312 1438 2377 speculo
1465 2324 1559 2358 tota

282 2385 636 2449 facies'oppofi'ti
664 2385 783 2432 orbis
806 2384 1088 2447 exprimitur,
1112 2395 1155 2430 et
1184 2383 1226 2429 in
1254 2378 1465 2430 semiorbe
1490 2384 1556 2427 ni-

284 2459 349 2507 hil
377 2458 583 2523 prohibet
618 2457 777 2520 adspici
805 2468 944 2504 totam
977 2456 1121 2520 pilam.
1155 2456 1399 2503 Etiamnum
1441 2455 1554 2502 dixi-
