1730 2870
537 57 547 78 Χ

319 117 580 165 NATUR.
614 115 907 175 QUAEST.
955 115 1071 160 ΜΒ.
1110 117 1206 162 vn.
1306 119 1396 178 367

128 226 305 274 vadunt.
334 226 453 273 Idem
472 222 552 270 erit
569 223 652 269 illis
671 222 838 277 cursus,
856 220 931 283 qui
951 219 1010 265 sui
1033 219 1140 267 finis.
1164 221 1291 282 Opus
1315 222 1404 269 hoc

126 314 351 346 aeternum
370 296 682 344 irrevocabiles
714 296 844 341 habet
871 305 1046 339 motus:
1066 293 1141 356 qui
1167 294 1197 339 fi
1225 295 1404 357 quando

126 371 393 418 constiterint
411 400 425 423 ‚
449 368 531 415 alia
551 385 606 414 ex
626 365 814 415 adverso
832 364 1043 422 incident,
1064 381 1177 427 quae
1198 383 1316 413 nunc
1340 379 1406 413 te·-

127 461 213 491 nor
231 457 275 491 et
291 443 524 507 aequalitas
540 442 691 490 servat.

192 517 366 562 XXVI.
388 516 509 575 Quid
527 513 587 560 est
598 530 703 576 ergo
715 548 728 568 ,
750 528 826 559 cur
841 512 984 575 aliqua
994 511 1135 558 redire
1149 511 1405 559 videantur?

127 589 240 636 Solis
258 589 460 636 occursus
479 586 664 650 speciem
680 585 760 631 illis
778 584 986 631 tarditatis
1000 584 1190 647 imponit
1201 619 1213 640 ‚
1229 598 1270 631 et
1283 598 1410 631 natu-

123 678 169 707 ra
181 660 348 708 viarum
363 660 718 721 circulorumque
733 655 790 704 fic
806 656 1046 720 positorum
1058 693 1070 715 ‚
1087 669 1135 703 ut
1156 673 1279 704 certo
1299 672 1406 704 tem-

127 749 235 795 pore
257 733 471 780 intuentes
490 731 652 777 fallant.
671 730 739 777 Sic
763 746 897 776 naves
916 730 1116 793 quamvis
1133 730 1268 792 plenis
1300 731 1407 777 velis

125 817 246 863 eant,
267 805 471 853 videntur
498 816 640 850 tamen
669 802 785 848 stare.
820 803 914 849 Erit
931 803 1007 866 qui
1040 803 1308 850 demonstret
1326 804 1406 848 ali-

127 880 308 938 quando
322 914 335 937 ‚
351 880 395 924 in
416 877 572 941 quibus
593 877 809 921 Cometae
825 875 1013 937 partibus
1031 889 1175 922 errent
1189 912 1201 931 ‚
1220 894 1299 923 cur
1318 890 1407 923 tam

125 948 287 996 seduffi
303 966 328 994 a
346 947 500 995 ceteris
520 959 619 993 eant
632 981 644 1000 ‚
668 946 821 1007 quanti
837 945 1069 1008 qualesque
1086 947 1176 992 sint.
1197 947 1410 1002 Contenti

126 1024 256 1069 fimus
274 1021 491 1069 inventis:
520 1018 681 1081 aliquid
699 1019 870 1065 veritati
902 1031 944 1065 et
971 1019 1132 1082 posteri
1166 1020 1410 1072 conferant.

128 1096 209 1140 Per
227 1093 386 1150 stellas,
407 1091 573 1155 inquit,
595 1091 804 1136 ulteriora
824 1107 917 1136 non
949 1093 1166 1138 cernimus
1180 1129 1192 1147 ‚
1212 1109 1292 1155 per
1313 1095 1410 1139 Co-

128 1181 265 1213 metas
291 1165 428 1213 aciem
451 1164 791 1211 tranlinittimus.
812 1164 1007 1210 Primum
1028 1164 1058 1209 fi
1075 1163 1123 1209 fit
1145 1165 1252 1212 istud
1273 1201 1286 1222 ‚
1318 1181 1409 1212 non

126 1239 171 1284 in
195 1255 244 1285 ea
264 1251 384 1301 parte
415 1235 464 1283 fit
480 1273 494 1295 ,
523 1253 607 1299 qua
641 1237 753 1282 fidus
784 1237 921 1298 ipsum
954 1237 1015 1283 est
1050 1237 1163 1298 spiffi
1201 1255 1250 1284 ac
1283 1238 1407 1285 solidi

129 1311 240 1375 ignis
259 1348 272 1370 ‚
295 1313 367 1359 sed
393 1329 478 1374 qua
511 1328 632 1357 rarus
664 1310 870 1371 splendor
889 1311 1111 1368 excurrit,
1136 1324 1179 1357 et
1196 1311 1239 1356 in
1271 1312 1413 1359 crines

129 1383 400 1450 dispergitur.
420 1388 501 1431 Per
521 1385 749 1431 intervalla
770 1384 934 1447 ignium
951 1421 963 1439 ,
985 1401 1073 1430 non
1098 1402 1175 1447 per
1200 1384 1316 1447 ipsos
1337 1386 1409 1431 vi-

129 1459 217 1503 des.
250 1458 430 1514 Stellae,
450 1456 616 1518 inquit,
644 1473 798 1502 omnes
828 1459 1042 1502 rotundae
1063 1457 1174 1513 sunt,
1195 1459 1409 1505 Cometae

128 1529 319 1592 porreeti
340 1546 350 1574 :
373 1546 427 1575 ex
447 1544 536 1591 quo
554 1540 731 1589 apparet
751 1563 763 1583 ,
784 1527 919 1574 stellas
938 1545 1028 1574 non
1046 1529 1140 1575 effe.
1161 1530 1274 1589 Quis
1291 1531 1407 1577 enim

129 1605 208 1651 tibi
230 1604 472 1661 concedet,
496 1603 704 1649 Cometas
724 1602 881 1666 longos
900 1603 1016 1650 esse?
1037 1606 1240 1663 Quorum
1262 1621 1415 1652 natura

130 1676 310 1739 quidem
323 1711 336 1732 ,
355 1688 403 1722 ut
435 1688 682 1722 ceterorum
704 1674 889 1722 siderum
904 1712 917 1734 ‚
935 1677 1088 1739 globus
1106 1677 1190 1734 est,
1215 1691 1411 1725 ceterum

131 1748 277 1811 fulgor
290 1749 547 1795 extenditur.
563 1750 953 1807 Quemadmodum
969 1750 1030 1795 sol
1050 1751 1195 1797 radios
1210 1752 1305 1798 suos
1318 1752 1413 1798 lon-

131 1838 186 1883 ge
206 1821 375 1883 lateque
388 1819 588 1873 dimittit,
616 1832 805 1866 ceterum
826 1821 903 1883 ipfi
918 1821 998 1867 alia
1014 1822 1072 1867 est
1093 1823 1258 1879 forma,
1278 1823 1356 1869 alia
1373 1823 1413 1870 ei

130 1893 255 1953 quod
288 1909 344 1939 ex
375 1892 470 1954 ipso
505 1891 599 1938 fluit
629 1892 782 1938 lumini
809 1911 819 1938 ε
845 1894 901 1940 fic
933 1895 1219 1941 Cometarum
1251 1911 1411 1957 corpus

129 1965 268 2029 ipsum
289 1966 660 2022 corrotundatur,
679 1964 883 2027 splendor
901 1980 1043 2014 autem
1073 1967 1249 2031 longior
1279 1985 1412 2032 quam

135 2050 386 2083 ceterorum
407 2036 594 2083 siderum
615 2048 805 2100 apparet.

185 2110 374 2156 XXV11.
385 2111 533 2169 Quare
544 2109 726 2173 ?inquis‚
741 2110 830 2156 Dic
841 2122 887 2157 tu
899 2110 1005 2156 mihi
1015 2111 1132 2173 prius
1141 2147 1153 2168 ‚
1164 2130 1296 2175 quare
1311 2113 1412 2161 luna

131 2182 455 2230 diffimillimum
474 2182 554 2228 soli
574 2183 720 2230 lumen
733 2185 934 2247 accipiat,
951 2202 1052 2232 cum
1069 2186 1250 2247 accipiat
1268 2187 1410 2236 a-sole.

131 2275 268 2322 quare
284 2259 423 2314 modo
434 2260 605 2319 rubeat,
619 2261 757 2306 modo
775 2261 940 2323 palleat.
960 2279 1094 2325 quare
1113 2262 1272 2308 lividus
1292 2261 1353 2308 illi
1368 2274 1412 2309 et

131 2344 222 2379 ater
238 2332 365 2379 color
381 2332 452 2388 fit,
472 2349 568 2379 cum
593 2350 617 2378 a
643 2333 874 2396 conspectu
904 2335 1005 2380 solis
1034 2336 1291 2382 excluditur.
1322 2336 1413 2383 Dic

135 2405 268 2464 mihi,
293 2422 427 2470 quare
447 2423 602 2453 omnes
620 2407 759 2454 stellae
773 2407 886 2455 inter
905 2408 945 2455 se
963 2408 1206 2456 diffimilem
1227 2402 1413 2457 habeant
