1730 2870
254 118 344 151 202
510 106 560 155 L.
600 107 893 158 ANNAEI
936 111 1275 161 SENECAE

249 211 389 259 nubes
406 228 586 277 quoque
606 213 750 277 ignem
772 216 930 263 eodem
949 219 1090 266 modo
1111 221 1181 267 vel
1198 220 1419 283 percussae
1435 222 1532 270 red·

249 283 353 330 dant
373 319 387 342 ,
409 285 481 331 vel
511 285 693 335 attritae.
726 287 960 337 Videamus
982 292 1151 353 quantis
1174 293 1392 354 procellae
1420 294 1530 341 viri-

246 355 327 402 bus
354 368 507 412 ruant‚
532 374 700 420 quanto
722 372 949 407 vertantur
975 362 1141 424 impetu
1172 366 1378 412 turbines.
1407 367 1455 411 ld
1484 366 1532 412 in

250 430 374 491 quod
393 442 664 477 tormentum
690 432 875 480 obvium
896 432 971 493 fit,
996 434 1244 496 diffipatur,
1264 451 1307 484 et
1332 438 1497 500 rapitur
1515 474 1532 494 ,
1576 487 1582 493 ,

249 514 294 546 et
320 499 449 563 longe
470 518 492 547 a
521 502 626 549 loco
645 502 721 549 su‘o
741 504 984 566 proiicitur.
1021 508 1144 566 Quid
1169 524 1274 570 ergo
1294 509 1452 555 mirum
1468 545 1481 566 ‚
1503 508 1533 554 fi

247 584 366 619 tanta
389 575 454 622 vis
473 574 617 638 ignem
639 578 828 636 excutit,
856 579 927 625 vel
951 579 1123 626 aliunde
1138 615 1152 638 ,
1174 582 1244 627 vel
1263 581 1374 628 fibi?
1398 582 1531 629 Vides

246 646 362 692 enim
383 663 596 710 quantum
628 649 853 698 fervorem
884 651 1055 698 sensura
1074 668 1264 714 corpora
1289 653 1413 710 sunt,
1442 656 1529 700 ho-

245 735 344 766 rum
365 722 542 768 traufitu
564 723 664 771 trita
680 760 695 782 ,
715 725 974 773 exanimata.
998 725 1118 771 Nihil
1136 738 1281 772 tamen
1299 737 1465 773 tantum
1486 727 1533 773 in

246 793 313 841 his
331 796 461 843 debet
480 799 621 855 credi,
654 816 703 846 ac
725 801 770 846 in
793 800 840 847 vi
860 800 1045 846 siderum
1061 836 1075 858 ,
1107 817 1300 864 quorum
1321 800 1471 864 ingens
1490 813 1533 849 et

248 869 443 917 confessa
468 874 664 934 potentia
684 874 758 920 est.

313 944 479 990 XXIII.
502 947 585 992 Sed
613 946 792 993 fortasse
818 947 955 994 nubes
975 964 1155 1010 quoque
1181 946 1227 993 in
1260 947 1395 994 nubes
1422 947 1534 994 inci-

245 1028 384 1076 tatae,
420 1019 639 1068 fremente
670 1035 809 1069 vento
828 1058 841 1078 ‚
877 1036 920 1068 et
954 1021 1110 1069 leviter
1143 1036 1360 1085 urgente,
1387 1021 1533 1083 ignem

247 1093 500 1139 evocabunt
518 1130 529 1148 ,
557 1094 636 1155 qui
667 1094 986 1155 exsplendescat
1004 1130 1017 1149 ‚
1044 1111 1126 1141 nec
1146 1094 1322 1140 exfiliat.
1358 1094 1540 1140 Minore

247 1164 368 1210 enim
385 1165 431 1211 vi
449 1166 502 1211 ad
521 1165 830 1229 fulgurandum
852 1184 963 1229 opus
980 1166 1063 1224 est,
1084 1184 1217 1230 quam
1235 1167 1288 1212 ad
1307 1165 1537 1215 fulminan-

248 1236 370 1284 dum.
395 1239 705 1301 Superioribus
736 1240 1025 1301 collegimus,
1054 1240 1099 1285 in
1133 1253 1345 1302 quantum
1376 1237 1535 1284 fervo-

247 1326 342 1356 rem
369 1312 581 1373 quaedam
601 1312 745 1359 attrita
775 1313 1128 1375 perducerentur.
1167 1314 1282 1357 Cum
1301 1324 1443 1356 autern
1464 1310 1539 1356 ae'r

248 1383 466 1432 mutabilis
498 1384 543 1431 in
571 1384 746 1448 ignem,
777 1385 976 1432 maximis
1006 1385 1172 1432 viribus
1196 1384 1280 1431 suis
1311 1384 1356 1429 in
1386 1384 1535 1447 ignem

249 1457 517 1515 conversus,
550 1472 757 1505 atteratur
773 1495 788 1515 ,
810 1458 1018 1505 credibile
1045 1457 1107 1504 est
1124 1471 1167 1505 et
1191 1455 1422 1505 verisimile
1437 1487 1451 1510 ‚
1472 1456 1541 1518 ig-

247 1544 350 1574 nem
373 1529 586 1577 caducum
615 1532 784 1590 excuti,
809 1544 852 1578 et
879 1532 971 1578 cito
989 1531 1263 1578 interiturum
1280 1562 1295 1586 ,
1325 1531 1428 1591 quia
1447 1545 1540 1576 non

247 1617 303 1647 ex
323 1601 456 1648 solida
474 1604 652 1651 materia
668 1605 811 1651 oritur
826 1640 839 1662 ,
860 1621 939 1652 nec
958 1605 1004 1650 in
1021 1621 1106 1667 qua
1127 1604 1258 1667 poffit
1282 1602 1531 1652 consistere.

251 1674 425 1721 Transit
455 1675 631 1739 itaque:
666 1688 920 1739 tantumque
951 1676 1079 1723 habet
1116 1693 1293 1734 morae,
1327 1689 1540 1738 quantum

251 1746 418 1795 itineris
437 1766 448 1795 ε
467 1761 509 1796 et
531 1750 675 1797 cursus
695 1751 796 1797 fine
811 1750 1020 1797 alimento
1048 1751 1273 1798 coniecius
1300 1750 1375 1798 est.

316 1824 492 1870 XXW.
516 1825 791 1883 Quomodo,
814 1823 981 1887 inquis,
1007 1841 1107 1871 cum
1131 1824 1284 1870 dicatis
1303 1824 1412 1869 hanc
1428 1822 1540 1886 ignis

253 1895 339 1942 effe
363 1908 585 1952 naturam,
606 1909 653 1943 ut
680 1908 797 1957 petat
820 1896 1044 1959 superiora
1059 1934 1071 1952 ‚
1097 1897 1264 1943 fulmen
1283 1910 1428 1942 tamen
1446 1909 1539 1942 ter-

253 1984 347 2014 ram
372 1969 515 2031 petit?
545 1986 600 2016 an
620 1969 771 2016 falsum
791 1969 852 2016 est
867 2004 880 2026 ,
901 1971 1026 2032 quod
1047 1970 1101 2016 de
1120 1970 1219 2031 igne
1239 1967 1439 2015 dixistis?
1472 1967 1545 2013 Est

253 2042 374 2088 enirn
399 2042 458 2089 illi
476 2059 612 2108 aeque
636 2043 799 2091 sursum
818 2042 900 2089 iter
919 2079 932 2101 ,
955 2055 1083 2107 atque
1101 2041 1320 2089 deorsum.
1346 2042 1538 2087 Utrum-

254 2131 342 2177 que
372 2133 528 2163 verum
561 2116 705 2179 potest
735 2115 835 2162 effe.
865 2115 978 2180 Ignis
1004 2116 1122 2163 enim
1152 2128 1304 2161 natura
1331 2113 1378 2160 in
1405 2111 1544 2159 verti-

255 2203 357 2234 cem
380 2188 538 2251 surgit,
555 2200 597 2236 et
620 2188 649 2234 fi
669 2187 777 2234 nihil
795 2187 917 2234 illum
941 2188 1146 2250 prohibet
1160 2224 1174 2246 ,
1196 2186 1402 2234 ascendit.
1424 2184 1545 2231 Sicut

259 2274 374 2321 aqua
398 2274 552 2306 natura
584 2260 777 2308 defertur
806 2280 815 2304 ε
845 2259 874 2306 si
893 2273 1038 2308 tamen
1066 2261 1210 2324 aliqua
1237 2260 1305 2307 vis
1336 2256 1541 2309 acceffit,

255 2348 371 2393 quae
390 2333 505 2379 illam
526 2334 569 2379 in
587 2335 857 2382 contrarium
878 2350 1022 2398 ageret
1035 2370 1048 2390 ‚
1079 2335 1155 2381 illo
1174 2332 1409 2381 intenditur
1427 2365 1441 2387 ‚
1457 2346 1544 2375 un-

254 2404 314 2453 de
343 2404 485 2457 imbre
504 2406 672 2459 deieua
693 2407 765 2459 est.
785 2409 966 2458 Fulmen
984 2421 1129 2457 autem
1152 2407 1264 2456 cadit
1290 2404 1443 2455 eadem
1463 2417 1541 2448 ne<-
