1730 2870
319 115 607 162 NATUR.
657 111 985 173 QUAEST.
1035 111 1158 157 LIB.
1206 112 1264 156 V.
1348 127 1437 174 297

164 240 218 269 ex
250 221 316 270 his
336 220 596 284 corporibus
617 220 728 267 sicca
753 219 862 276 lint,
894 217 976 265 alia
1002 206 1212 264 humida:
1239 231 1294 262 ex
1324 227 1442 262 tanta

164 296 379 343 discordia
415 311 655 356 corporum
692 295 803 340 inter
836 293 878 339 se
916 292 1229 356 pugnantium,
1264 307 1365 337 cum
1397 290 1443 335 in

165 385 300 414 unum
329 368 592 432 conglobata
618 368 711 413 sunt
726 402 740 424 ‚
759 366 990 414 verisimile
1009 364 1070 411 est
1089 364 1291 427 quasdam
1314 379 1444 409 cavas

165 439 276 486 effici
294 439 453 498 nubes,
477 453 518 486 et
537 440 766 487 intervalla
785 440 898 485 inter
917 438 1006 484 illas
1026 436 1212 498 relinqui
1232 433 1417 480 fistulosa
1429 467 1446 488 ,

164 523 207 558 et
225 511 270 557 in
289 513 473 558 modum
500 513 631 559 tibiae
652 512 836 576 angusta.
854 512 934 557 His
951 509 1191 556 intervallis
1211 507 1352 555 tenuis
1373 506 1443 551 in—

164 584 350 630 cluditur
377 585 576 647 spiritus:
620 585 695 648 qui
718 584 855 631 maius
878 584 1086 631 desiderat
1103 583 1283 643 spatium
1301 618 1312 637 ‚
1346 596 1447 627 cum

164 657 446 706 everberatus
466 658 593 705 cursu
619 675 771 720 parum
791 658 946 704 libero
967 655 1144 702 incaluit
1165 673 1176 700 ε
1211 671 1254 701 et
1275 654 1334 700 ob
1358 654 1446 700 hoc

165 732 352 793 amplior
373 731 421 779 fit
437 768 450 789 ‚
479 732 722 794 scinditque
745 729 962 793 cingentia
977 764 989 786 ‚
1006 741 1048 774 et
1064 727 1252 788 erumpit
1270 726 1314 771 in
1334 742 1446 771 ven-

166 816 260 849 tum
283 820 294 850 :
324 804 399 866 qui
426 803 514 850 fere
542 803 806 866 procellosus
833 803 891 849 est
908 834 922 857 ‚
954 801 1058 864 quia
1081 800 1263 861 superne
1293 798 1448 843 demin

167 877 301 935 titur,
323 892 367 924 et
391 878 436 924 in
465 894 546 925 nos
574 878 687 925 cadit
713 878 954 924 vehemens
979 888 1022 921 et
1054 892 1176 921 acer:
1207 873 1331 934 quod
1357 889 1448 918 non

165 950 306 1010 fusus,
324 969 404 999 nec
424 970 503 1016 per
518 963 715 1015 apertum
735 953 882 1008 venit,
902 951 975 997 sed
995 948 1189 1003 laborat,
1210 960 1252 994 et
1271 948 1353 993 iter
1373 944 1449 991 fibi

166 1023 214 1070 vi
233 1040 282 1070 ac
300 1041 443 1087 pugna
462 1036 593 1086 parat.
620 1025 704 1072 Hic
727 1025 815 1070 fere
832 1023 978 1081 brevis
995 1021 1120 1069 ssatus
1137 1021 1212 1067 est.
1242 1021 1358 1080 Quia
1378 1037 1449 1066 re·

169 1098 389 1158 ceptacula
411 1098 590 1144 nubium
614 1115 692 1160 per
711 1114 819 1161 quae
844 1096 1089 1151 ferebatur,
1106 1112 1156 1141 ac
1181 1093 1454 1140 munimenta

167 1170 442 1232 perrumpitg.
468 1170 574 1218 ideo
603 1169 894 1218 tumultuosus
914 1168 1036 1217 venit
1073 1167 1308 1229 aliquando
1328 1200 1340 1219 ‚
1360 1182 1451 1210 non

166 1242 254 1287 fine
272 1243 370 1306 igne
397 1260 445 1290 ac
464 1244 576 1290 sono
595 1244 722 1291 coeli.
756 1245 815 1290 Hi
840 1243 962 1289 venti
983 1241 1126 1287 multo
1146 1239 1333 1285 maiores
1354 1240 1452 1284 diu-

166 1314 469 1379 turnioresque
496 1316 592 1364 sunt
609 1352 621 1373 ,
648 1317 678 1362 fi
706 1316 815 1362 alios
847 1331 1027 1378 quoque
1059 1312 1187 1358 flatus
1214 1329 1269 1358 ex
1297 1313 1451 1358 eadem

168 1386 292 1432 causa
312 1403 486 1435 ruentes
515 1388 560 1434 in
588 1388 628 1434 se
650 1387 858 1434 abstulere
874 1419 888 1441 ‚
908 1400 950 1433 et
970 1387 1014 1432 in
1040 1403 1177 1432 unum
1200 1385 1454 1431 confluxere

168 1457 342 1519 plures:
370 1459 473 1506 ficut
501 1470 719 1505 torrentes
750 1459 951 1505 modicae
982 1456 1293 1518 magnitudinis
1322 1467 1455 1511 eunt,

171 1531 382 1591 quamdiu
412 1531 620 1593 separatis
646 1531 745 1576 suus
766 1530 913 1576 cursus
935 1529 1023 1576 est:
1047 1546 1146 1575 cum
1169 1545 1277 1575 vero
1307 1529 1454 1589 plures

170 1601 216 1647 in
237 1602 279 1648 se
296 1620 426 1666 aquas
445 1618 726 1660 convertere,
748 1602 978 1649 fluminum
1001 1601 1135 1648 iusto¹
1140 1618 1214 1647 um
1232 1617 1282 1647 ac
1300 1617 1454 1663 peren-

172 1673 293 1719 nium
311 1676 656 1738 magnitudinem
673 1675 900 1721 excedunt.
923 1675 1040 1721 Idem
1061 1673 1266 1720 credibile
1282 1673 1342 1718 est
1359 1672 1453 1718 fieri

170 1760 214 1793 et
231 1748 275 1794 in
298 1750 499 1810 procellis
514 1782 528 1805 ‚
549 1762 596 1796 ut
615 1749 695 1795 fint
723 1750 879 1797 breves
896 1749 1101 1812 quamdiu
1129 1736 1313 1810 singulae
1330 1748 1450 1793 sunt·
1472 1799 1475 1801 Δ

171 1818 248 1864 ubi
278 1836 390 1866 vero
411 1820 632 1868 sociavere
660 1819 806 1875 vires,
839 1834 883 1867 et
910 1837 962 1867 ex
992 1820 1183 1882 pluribus
1215 1819 1330 1866 coeli
1359 1836 1457 1881 par*

173 1892 289 1940 tibus
319 1893 441 1941 elisus
475 1894 646 1957 spiritus
674 1895 835 1943 eodem
866 1895 906 1942 se
941 1895 1164 1955 contulit,
1197 1906 1241 1940 et
1267 1893 1456 1956 impetus

173 1963 253 2011 illis
288 1967 486 2021 accedit,
507 1980 550 2014 et
569 1983 706 2013 mora
1006 1983 1010 1988 ·

240 2038 358 2084 X111.
383 2039 497 2086 Facit
514 2056 620 2103 ergo
638 2050 822 2085 ventum
841 2038 1025 2084 resoluta
1045 2038 1207 2085 nubes:
1231 2055 1343 2100 quae
1361 2037 1457 2100 plu-

175 2110 294 2158 ribus
313 2113 458 2159 modis
477 2113 674 2159 solvitur.
707 2115 1037 2175 Nonnunquam
1061 2112 1457 2174 conglobationem

174 2181 290 2228 illam
327 2183 497 2246 spiritus
531 2184 695 2247 rumpit
716 2219 728 2239 ,
757 2184 908 2232 inclufi
941 2197 983 2230 et
1010 2185 1053 2230 in
1082 2185 1244 2231 exitum
1280 2185 1461 2232 nitentis

172 2254 382 2302 luctatio·
402 2272 717 2319 nonnunquam
747 2257 892 2311 calor,
920 2274 1051 2319 quem
1083 2258 1222 2303 modo
1248 2258 1312 2303 sol
1333 2257 1460 2315 fecit,

176 2329 315 2374 modo
335 2328 423 2391 ipsa
453 2330 652 2379 arietatio
688 2347 948 2393 magnorum
976 2331 1089 2378 inter
1118 2332 1158 2379 se
1186 2349 1425 2395 corporum
1447 2365 1461 2386 ‚

175 2411 218 2448 et
241 2400 427 2450 attritus.
443 2396 565 2450 Hoc
583 2402 716 2460 loco,
744 2402 775 2448 fi
794 2402 873 2449 tibi
893 2403 1096 2460 videtur,
1119 2405 1268 2468 quaeri
1288 2403 1458 2467 potest,
