1730 2870
286 139 377 186 ῳ4
520 111 1330 172 1.ANNAEisENEcAE

278 234 368 280 hoc
389 247 569 295 quoque
589 229 741 294 aliquis
755 265 767 286 ‚
787 243 835 277 ut
859 230 1037 294 dignum
1062 233 1352 282 admiratione
1371 235 1562 299 suspexe-

278 306 348 354 rit.
381 306 485 351 Non
505 304 621 349 enim
651 320 704 349 ex
723 320 809 349 una
829 303 952 349 causa
971 317 1128 353 ventos
1149 342 1160 364 ‚
1178 322 1250 354 aut
1275 307 1464 364 invenit,
1483 323 1562 361 ‘aut

279 397 358 443 per
379 376 548 424 diversa
567 375 775 438 disposuit
794 393 805 422 :
827 376 901 422 sed
930 377 1120 439 primum
1143 394 1190 426 ut
1209 381 1307 426 aera
1325 397 1417 428 non
1450 381 1561 429 sine-

276 464 373 499 rent
391 448 634 512 pigrescere
655 483 669 504 ,
688 448 761 493 sed
783 447 943 494 affidua
966 448 1202 498 vexatione
1223 454 1372 500 utilem
1399 455 1560 503 redde—

275 537 402 581 rent,
433 522 703 586 vitalemque
723 522 932 570 traffluris.
961 524 1138 571 Deinde
1171 541 1221 575 ut
1243 528 1404 575 imbres
1433 530 1560 577 terris

273 595 664 651 subministrarent,
678 596 901 659 iidemque
916 597 1077 644 nimios
1092 599 1429 663 compescerent.
1443 604 1559 649 Nam

275 671 415 720 modo
434 670 654 716 adducunt
678 668 841 724 nubes,
871 670 1011 715 modo
1039 670 1281 729 diducunt,
1301 686 1349 719 ut
1382 690 1459 735 per
1480 683 1559 723 to*

273 757 370 790 ¹rum
391 742 546 789 orbem
566 741 748 803 pluviae
764 741 908 788 dividi
938 742 1119 804 possent.
1151 744 1198 790 In
1219 744 1381 791 Italiam
1403 747 1558 794 Auster

275 813 488 879 impellit,
510 815 673 877 Aquilo
702 808 749 859 iii
771 814 964 862 Africam
995 816 1166 863 reiicit:
1186 817 1349 865 Etesiae
1368 836 1457 865 non
1480 837 1556 882 pa-

271 892 438 937 tiuntur
450 888 563 951 apud
576 902 657 932 nos
671 887 807 933 nubes
829 886 1073 936 consistere.
1092 889 1223 936 {idem
1239 902 1374 936 totam
1389 889 1556 939 Indiam

271 976 314 1010 et
335 959 612 1023 Aethiopiam
634 959 856 1007 continuis
873 976 948 1022 per
968 961 1010 1007 id
1028 973 1115 1008 tem
1123 980 1203 1025 pus
1223 963 1344 1026 aquis
1362 964 1556 1027 irrigant.

270 1035 415 1096 Quid,
451 1033 572 1095 quod
604 1031 751 1095 fruges
781 1032 949 1094 percipi
977 1049 1068 1079 non
1100 1033 1304 1096 possunt,
1333 1035 1410 1082 nisi
1448 1035 1555 1084 flatu

267 1111 540 1173 supervacua
554 1107 746 1153 admixta
769 1106 992 1163 servandis
1016 1107 1330 1156 ventilarentur
1346 1144 1360 1168 ‚
1384 1110 1462 1157 nifi
1492 1110 1555 1158 es·-

267 1185 328 1232 set
346 1182 470 1246 quod
490 1181 678 1244 segetem
694 1179 933 1237 excitaret,
952 1192 995 1226 et
1011 1179 1215 1228 latentem
1238 1175 1405 1245 frugem
1423 1216 1437 1240 ‚
1457 1199 1555 1245 rup-

265 1258 318 1303 tis
343 1254 601 1303 velamentis
620 1252 730 1308 suis,
753 1269 864 1316 quae
887 1252 1109 1300 folliculos
1127 1254 1343 1317 agricolae
1365 1268 1552 1311 vocant,

267 1328 546 1392 adaperirer?
586 1327 738 1387 Quid,
775 1327 899 1390 quod
929 1327 1135 1374 omnibus
1159 1328 1273 1375 inter
1305 1327 1347 1375 se
1376 1329 1552 1391 populis

266 1416 587 1449 commercium
607 1398 726 1444 dedit
739 1433 753 1456 ,
770 1412 813 1444 et
832 1412 984 1461 gentes
1001 1398 1338 1460 diffipataslocis
1357 1398 1551 1446 miscuit?

266 1478 422 1538 Ingens
441 1484 614 1518 naturae
644 1469 934 1528 beneficium,
958 1469 988 1516 fi
1008 1471 1115 1517 illud
1140 1471 1186 1517 in
1205 1470 1406 1517 iniuriam
1430 1472 1550 1517 suam

265 1562 356 1591 non
391 1556 532 1590 vertat
553 1542 786 1588 hominum
812 1540 951 1588 furor.
986 1543 1116 1590 Nunc
1136 1544 1259 1606 quod
1290 1543 1346 1590 de
1367 1543 1550 1590 Caesare

265 1618 373 1664 olim
406 1616 574 1662 maiore
598 1614 734 1678 vulgo
753 1614 959 1662 dieratum
981 1615 1041 1661 est
1055 1650 1068 1673 ‚
1085 1629 1127 1662 et
1145 1633 1168 1662 a
1185 1616 1296 1663 Tito
1314 1616 1446 1664 Livio
1468 1631 1549 1678 po-

263 1690 387 1738 situm
404 1722 416 1745 a
446 1690 491 1736 in
519 1689 692 1736 incerto
714 1688 799 1736 effe
817 1724 830 1747 ‚
848 1701 996 1736 utrum
1017 1690 1138 1736 illum
1164 1690 1301 1754 magis
1321 1691 1434 1738 nasci
1458 1690 1548 1738 rei-

263 1766 463 1829 publicae
481 1763 725 1828 profuerit,
741 1779 795 1808 an
816 1779 905 1808 non
925 1762 1065 1818 nasci3
1087 1763 1172 1810 dici
1190 1763 1319 1811 etiam
1336 1764 1389 1810 de
1408 1764 1548 1812 ventis

261 1838 425 1902 potest:
445 1839 556 1885 adeo
577 1836 792 1900 quidquid
810 1852 863 1882 ex
882 1835 964 1881 illis
982 1834 1086 1881 utile
1108 1849 1150 1882 et
1168 1834 1446 1882 necessarium
1462 1836 1547 1896 est,

259 1928 352 1958 non
366 1910 508 1974 potest
526 1909 590 1956 his
603 1908 837 1973 repensari,
850 1925 961 1972 quae
973 1907 1017 1954 in
1032 1908 1272 1971 perniciem
1288 1907 1403 1954 suam
1423 1926 1547 1970 gene³

256 1985 316 2031 ris
331 1984 508 2030 humani
527 1982 744 2030 dementia
762 1984 998 2046 excogitat.
1010 1983 1093 2028 Sed
1110 1999 1200 2028 non
1217 1981 1320 2028 ideo
1340 1998 1431 2029 non
1448 1982 1546 2029 sunt

258 2056 337 2102 ista
359 2066 510 2101 natura
538 2054 610 2100 sua
629 2054 744 2100 bona
764 2090 776 2111 ‚
797 2054 827 2099 fi
846 2055 960 2101 vitio
987 2053 1099 2100 male
1124 2053 1338 2100 utentium
1367 2067 1545 2103 nocent.

258 2129 481 2175 Nimirum
509 2128 553 2174 in
579 2127 667 2173 hoc
685 2126 990 2184 Providentia,
1007 2143 1057 2174 ac
1077 2126 1310 2189 dispositor
1327 2126 1395 2173 ille
1413 2143 1542 2173 mun-

258 2202 305 2247 di
330 2203 453 2248 Deus
477 2238 486 2251 ,
507 2201 604 2247 aera
632 2199 775 2248 ventis
802 2200 1093 2246 exercendum
1123 2200 1274 2256 dedit,
1298 2211 1340 2246 et
1372 2200 1467 2246 illos
1487 2200 1541 2246 ab

261 2274 388 2318 omni
416 2284 566 2335 parte,
603 2290 656 2320 ne
685 2273 791 2336 quid
817 2272 918 2321 esset
944 2272 1022 2319 situ
1048 2272 1291 2336 squalidum
1312 2305 1326 2329 ‚
1355 2271 1542 2318 effudit:

261 2360 354 2389 non
373 2349 419 2389 ut
447 2360 526 2391 nos
546 2344 691 2391 classes
714 2355 876 2406 partem
902 2343 1001 2391 freti
1029 2354 1315 2406 occupaturas
1342 2343 1542 2405 comple-

259 2433 408 2463 remus
425 2417 562 2465 milite
578 2429 745 2465 armato
757 2451 773 2475 ,
791 2430 832 2464 et
849 2416 1018 2466 hostem
1037 2417 1083 2465 in
1100 2417 1210 2465 mari
1223 2429 1295 2464 aut
1310 2415 1408 2480 post
1422 2432 1539 2464 mare
