1730 2870
225 158 286 222 56
480 146 1279 206 L.ANNAE18ENECAE

219 265 371 312 animo
389 283 400 313 :
434 283 515 314 nec
544 266 666 312 aliter
685 265 960 313 concitantur
975 301 988 323 ,
1008 283 1140 329 quam
1162 266 1299 313 solent
1320 266 1504 330 Phrygii

219 337 409 384 tibicinis
427 337 539 384 sono
561 336 785 395 semiviri,
806 350 851 384 et
870 354 922 383 ex
942 337 1131 400 imperio
1151 337 1356 384 furentes.
1373 338 1507 399 Rapit·

221 411 319 459 illos
346 410 603 474 instigatque
625 426 773 456 rerum
803 409 1111 471 pulchritudo,
1140 426 1231 455 non
1261 412 1504 461 verborum

219 484 414 531 inanium
441 483 619 530 sonitus.
640 482 810 544 Siquid
829 481 986 529 acriter
1008 495 1162 528 contra
1190 497 1381 528 mortem
1409 483 1504 529 dic-

221 572 314 606 tum
335 558 394 604 est
409 594 423 613 ,
456 558 485 603 fi
507 557 614 622 quid
644 571 799 604 contra
820 556 1042 603 fortunam
1067 557 1409 612 contumaciter,
1435 557 1508 603 iu-

222 644 298 677 vat
325 631 528 694 protinus
554 647 664 693 quae
694 631 841 679 audias
875 629 1033 676 facere.
1060 628 1322 690 Afficiuntut
1350 630 1431 676 illi:
1464 643 1508 677 et

224 703 303 750 fint
330 704 476 767 quales
499 703 704 751 iubentur
719 741 731 760 ‚
763 703 791 749 fi
816 704 887 749 illa
906 707 1055 749 animo
1075 703 1217 748 forma
1236 718 1511 765 permaneat,

222 779 252 825 fi
282 794 372 824 non
399 777 609 840 impetum
646 777 853 840 insignem
886 777 1086 838 protinus
1115 776 1306 837 populus
1338 777 1508 825 honesti

222 845 434 898 dissuasor
453 849 659 912 excipiat.
692 852 820 897 Pauci
840 850 986 905 illam,
1016 867 1148 913 quam
1180 864 1510 913 conceperant,

224 912 415 970 :mentem
444 923 628 969 domum
659 921 852 985 perferre
883 936 1138 983 potuerunt.
1170 922 1309 969 Facile
1340 923 1401 969 est
1429 940 1509 969 au-

223 998 414 1043 ditorem
453 995 672 1042 concitare
710 997 762 1041 ad
802 995 1085 1057 cupiditatem
1123 994 1244 1041 reffl.
1285 996 1510 1043 Omnibus

224 1070 342 1115 enim
366 1079 514 1114 natura
534 1066 814 1113 fundamenta
834 1067 976 1125 dedit,
1006 1066 1239 1130 semenque
1266 1067 1505 1114 virtutum}

224 1158 382 1188 omnes
412 1141 466 1187 ad
487 1141 636 1186 omnia
668 1140 744 1186 ista
770 1140 858 1186 nati
887 1140 1058 1187 sumus:
1081 1158 1182 1187 cum
1210 1140 1408 1188 irritator
1433 1159 1511 1189 ac-

224 1216 371 1274 ceffit,
402 1230 507 1262 tunc
544 1215 613 1260 illa
641 1216 776 1261 animi
808 1216 924 1260 bona
943 1216 1065 1261 velut
1095 1216 1233 1277 sopita
1255 1216 1511 1264 excitantur„

226 1291 333 1336 Non
364 1290 490 1335 vides
517 1289 895 1351 quemadmodum
916 1289 1080 1335 theatra
1102 1289 1370 1346 consonent,
1398 1305 1512 1351 quo-

223 1363 306 1409 ties
336 1361 477 1425 aliqua
497 1362 610 1408 dicta
636 1361 762 1420 sunt,
793 1379 905 1426 quae
932 1362 1107 1420 publice
1131 1362 1436 1426 agnoscimus,
1469 1376 1513 1409 et

223 1432 439 1483 consensu
467 1451 573 1483 vera
601 1434 683 1481 effe
708 1433 950 1481 testamur?-

288 1543 459 1604 Deszltzt
485 1545 654 1605 inopiae
680 1548 811 1589 multa
828 1579 842 1599 ,
872 1545 1075 1590 avaritiae
1106 1545 1266 1589 omnia.
1310 1539 1317 1542 ’

290 1619 347 1663 In
371 1620 533 1663 nullum
558 1635 712 1663 avarus
737 1620 868 1663 bonus
895 1619 971 1683 est,
1006 1619 1051 1662 irz
1073 1619 1117 1675 fe
1143 1617 1351 1679 peſjz‘mus..

225 1725 295 1772 Ad
331 1726 414 1771 hos
457 1724 604 1771 versus
636 1725 706 1772 ille
744 1724 1060 1772 sordidiffimus
1088 1725 1280 1788 plaudit,
1321 1738 1364 1772 et
1397 1724 1518 1772 vitiis

225 1796 310 1844 suis
329 1796 422 1844 fieri
450 1796 697 1843 convitium
731 1798 902 1860 gaudet.
921 1798 1102 1858 Quanto
1121 1797 1254 1860 magis
1284 1797 1370 1843 hoc
1397 1796 1515 1842 iudi-

224 1886 296 1916 cas
320 1869 528 1927 evenire,
556 1884 655 1916 cum
689 1885 711 1914 a
741 1868 1010 1930 philosopho
1041 1868 1118 1915 ista
1147 1870 1383 1915 dicuntur:
1411 1884 1514 1915 cum

226 1942 483 1989 salutaribus
520 1941 762 2004 praeceptis
797 1941 947 1989 versus
989 1942 1261 2001 inseruntur,
1297 1942 1516 1989 efficacius

225 2016 375 2062 eadem
408 2015 477 2062 illa
501 2014 726 2062 demissuri
748 2015 791 2060 in
816 2014 1007 2061 animum
1036 2016 1372 2078 imperitorum?
1399 2016 1516 2065 Nam

226 2086 300 2151 (ut
334 2087 503 2135 dicebat
535 2084 793 2150 Cleanthes)
826 2088 1198 2149 quemadmodum
1233 2085 1404 2149 spiritus
1433 2103 1517 2133 no-

227 2160 312 2206 ster
344 2160 577 2207 clariorem
613 2160 766 2206 sonum
801 2158 973 2216 reddit,
1008 2175 1107 2205 cum
1139 2158 1260 2205 illum
1303 2159 1407 2205 tuba
1439 2175 1517 2220 per

228 2236 352 2298 longi
383 2235 541 2283 canalis
567 2234 779 2299 angustias
807 2234 1016 2292 tractum,
1052 2236 1296 2297 patentiore
1332 2232 1516 2281 noviffi-

230 2327 300 2357 me
318 2310 436 2356 exitu
456 2310 607 2356 effudit
625 2327 636 2355 ε
656 2309 714 2356 fic
733 2308 876 2358 sensus
893 2308 1066 2356 nostros
1082 2308 1287 2357 clariores
1309 2302 1516 2359 carminis¹

226 2383 341 2428 arcta
362 2383 583 2430 neceffitas
600 2382 748 2430 efficit.
766 2383 931 2430 Eadem
953 2383 1237 2447 negligentius
1256 2381 1512 2436 audiuntur,

227 2458 457 2524 minusque
488 2459 770 2530 percutiunt,
803 2461 1014 2527 quamdiu
1042 2459 1180 2509 soluta
1210 2457 1414 2510 oratione
1447 2455 1514 2507 die.
