1730 2870
219 145 308 178 110
439 133 488 179 L.
547 130 852 178 ANNAEI
904 132 1264 180 SENECAE

437 272 913 317 EPISTOLA
992 270 1267 317 CXVIII.

210 411 368 455 Inanes
405 407 592 473 epistolas
622 409 730 452 nolle
762 407 809 466 se
835 407 1005 466 seribere
1025 425 1040 452 .·
1063 408 1210 467 potius
1242 410 1489 454 monitorum

276 482 444 527 utilium
471 482 604 525 uberes
623 498 638 525 .·
670 497 706 525 et
724 481 811 526 iam
829 482 945 538 facit.
966 485 1127 526 Suadet
1136 483 1218 542 fita
1238 517 1251 539 ,
1284 501 1367 528 non
1389 487 1491 529 alie-

276 571 333 598 na
364 553 532 597 zrac‘lare
548 570 563 597 .·
588 571 615 597 a
633 554 821 598 Fortuna
841 554 957 598 nihil
974 569 1104 614 petere
1123 588 1135 609 ‚
1154 571 1225 598 nec
1253 557 1305 598 ab
1323 573 1369 599 ea
1386 573 1490 614 petz-

275 629 375 672 dere.
406 629 556 672 Verum
586 628 738 672 bonum
756 629 1024 687 quaerendum
1044 644 1060 671 .·
1091 641 1128 670 et
1157 627 1263 686 quid
1290 627 1490 689 illud-sit,

275 700 504 758 definitum.
539 701 719 759 Itemque
741 700 846 760 quid
878 702 929 744 ab
962 699 1123 763 honesto
1155 695 1332 760 differat.
1355 700 1492 743 Omne

275 772 446 818 Bonum
461 805 473 825 ⁷
485 771 717 829 ficundum
737 772 949 814 Naturam
963 768 1042 832 ,ψ
1067 785 1083 814 ,⁴
1118 788 1187 814 nec
1206 785 1342 813 tamen
1363 773 1467 830 quid
1477 795 1489 803 ·

274 845 375 904 quid
386 843 618 903 secundum
651 844 862 888 Naturam
883 875 897 898 ,
933 844 1117 889 Bonum.

212 964 488 1082 EXIGIS
523 1049 547 1078 a
575 1050 647 1079 me
673 1031 992 1096 frequentiores
1028 1031 1241 1094 epistolas.
1279 1032 1490 1078 Rationes

208 1103 515 1151 conferamus:
555 1106 772 1152 solvendo
809 1123 898 1152 non
935 1106 1031 1153 eris.
1070 1106 1354 1152 Convenerat
1388 1105 1488 1166 qui-

208 1179 308 1226 dem
324 1214 336 1236 ,
359 1192 406 1225 ut
429 1192 502 1225 tua
532 1181 681 1242 priora
709 1180 873 1235 efferim
899 1193 946 1226 tu
972 1180 1178 1229 scriberes
1197 1212 1210 1229 ,
1233 1197 1318 1242 ego
1337 1181 1488 1226 rescri-

206 1251 384 1298 berem:
414 1252 487 1298 sed
514 1270 606 1299 non
628 1270 707 1300 ero
729 1253 928 1300 difficilis.
979 1254 1090 1300 bene
1121 1254 1239 1300 credi
1266 1254 1343 1300 tibi
1372 1253 1484 1300 scio:

206 1324 351 1388 itaque
379 1323 425 1370 in
458 1327 719 1374 antecessum
747 1328 877 1374 dabo,
911 1330 1007 1374 Nec
1040 1327 1221 1383 faciam,
1260 1329 1381 1391 quod
1406 1329 1483 1374 Ci-

206 1414 311 1446 cero
343 1400 416 1447 vir
430 1400 720 1448 disertissimus
740 1401 880 1449 facere
900 1402 1088 1448 Atticum
1108 1403 1250 1459 iubet,
1269 1417 1316 1448 ut
1335 1401 1487 1448 etiam-

204 1470 235 1516 fi
267 1489 358 1519 rem
393 1473 556 1520 nullam
599 1476 805 1531 habebit,
835 1476 959 1539 quod.
991 1475 1033 1520 in
1074 1475 1253 1521 buccam
1289 1474 1487 1528 venerit,

204 1540 376 1592 scribat.
412 1547 648 1609 Nunquam
679 1548 822 1610 potest
855 1546 995 1593 deess'e
1030 1547 1149 1607 quod
1187 1545 1396 1602 scribam,
1439 1557 1485 1591 ut

204 1617 354 1663 omnia
378 1618 446 1664 illa
478 1636 587 1683 quae
617 1620 845 1667 Ciceronis
871 1620 1053 1682 implent
1088 1617 1317 1680 epistolas,
1349 1633 1485 1666 trans—

204 1704 337 1736 eam:
377 1691 473 1753 quis
509 1692 759 1738 candidatus
795 1691 993 1748 laboret,
1032 1693 1128 1754 quis
1170 1691 1352 1749 alienis,
1388 1690 1484 1753 quis

204 1761 288 1808 suis
321 1763 487 1811 viribus
519 1779 712 1828 pugnet,
745 1765 840 1829 quis
871 1763 1141 1812 consulatum
1179 1764 1338 1811 fiducia
1376 1765 1482 1810 Cae-

203 1834 338 1892 saris,
369 1837 467 1900 quis
505 1838 736 1900 Pompeii,
772 1839 870 1899 quis
901 1838 956 1883 ab
985 1836 1026 1882 se
1056 1849 1204 1899 petat:
1237 1854 1369 1900 quam
1398 1837 1482 1882 du-

203 1925 277 1957 rus
305 1909 356 1956 fit
390 1909 646 1959 foenerator
673 1912 912 1969 Caecilius,
931 1928 953 1956 a
980 1928 1072 1973 quo
1098 1911 1280 1958 minoris
1308 1912 1482 1958 centesi-

202 1982 285 2029 mis
316 1983 555 2046 propinqui
595 2001 821 2031 nummum
855 2000 1039 2030 movere
1061 1999 1150 2029 non
1185 1983 1372 2045 poliunt.
1401 1985 1483 2029 Sua

206 2055 333 2103 satius
348 2056 409 2105 est
431 2057 565 2114 mala,
583 2074 713 2121 quam
732 2057 867 2103 aliena
892 2057 1073 2103 traciare
1092 2074 1101 2102 ε
1128 2056 1166 2102 se
1186 2072 1391 2103 excutere
1407 2094 1420 2113 ‚
1440 2069 1483 2103 et

197 2129 358 2178 'videre
372 2146 527 2193 ,quam
550 2131 784 2177 multarum
803 2145 948 2175 rerum
968 2129 1221 2176 candidatus
1245 2131 1316 2183 fit,
1335 2142 1482 2176 ernon

204 2201 438 2266 suffragari.
471 2203 574 2250 Hoc
603 2201 691 2261 est,
722 2202 782 2248 mi
815 2203 984 2260 Lucili,
1015 2202 1262 2266 egregium,
1299 2202 1386 2250 hoc
1415 2203 1482 2249 se·

205 2291 355 2322 curum
389 2292 440 2322 ac
471 2276 690 2333 liberum,
723 2275 828 2321 nihil
866 2288 1036 2338 petere,
1071 2286 1114 2322 et
1150 2287 1242 2321 tota
1279 2274 1480 2321 fortunae

204 2348 386 2396 comitia
404 2349 595 2396 transire.
615 2351 761 2410 Quam
794 2360 917 2410 putas
943 2348 1028 2395 effe
1053 2348 1290 2395 iucundum
1307 2384 1320 2407 ,
1338 2348 1477 2394 tribu-

204 2419 284 2478 bus
303 2421 501 2478 vocati33
520 2438 620 2469 cum
640 2421 857 2470 candidati
879 2422 925 2468 in
944 2421 1113 2486 templis
1131 2422 1214 2469 suis
1233 2421 1447 2485 pendeant
1467 2455 1481 2479 ,
