1730 2870
370 130 626 177 NATUR.
675 129 972 190 QUAEST.
1017 130 1135 175 LlB.
1171 131 1199 174 I.
1335 147 1416 192 ¹7¹

154 237 254 284 Hoc
278 234 486 299 probari,
520 233 595 280 nifi
630 236 893 281 Geometrae
924 233 1198 292 adiuverint,
1231 251 1318 280 non
1339 252 1425 298 po-

157 308 265 357 test:
299 308 373 372 qui
400 306 660 370 argumentis
691 307 795 352 nihil
830 307 948 354 dubii
983 307 1321 370 relinquentibus
1344 309 1424 354 do-

155 395 283 441 cent,
314 374 413 428 solis
430 381 546 427 illam
573 380 656 428 esse
674 381 889 444 effigiem,
924 398 1013 427 non
1039 380 1229 427 similem.
1264 381 1424 444 Neque

155 456 270 503 enim
305 453 455 500 omnia
490 453 545 499 ad
585 470 737 499 verum
772 454 941 516 specula
977 453 1248 515 respondent.
1283 455 1424 511 Sunt,

154 544 261 592 quae
288 527 439 580 videre
471 526 745 580 extimescas;
779 538 892 571 tanta
925 525 1200 572 deformitate
1234 543 1422 588 corrup-

155 614 240 646 tam
269 599 422 645 faciem
449 597 684 646 visentium
715 597 934 652 reddunt,
957 596 1122 644 servata
1150 598 1424 645 similitudine

152 672 196 719 in
226 672 357 734 peius.
386 672 514 726 Sunt,
541 682 649 734 'quae
669 686 767 717 cum
798 670 986 724 videris,
1017 671 1182 734 placere
1211 671 1289 716 tibi
1308 672 1425 717 vires

151 759 248 793 tuae
280 745 438 808 poffint
464 764 473 791 :
504 746 548 791 in
579 757 744 790 tantum
781 743 929 791 lacerti
960 743 1186 800 crescunt,
1221 757 1263 790 et
1294 744 1425 792 totius

152 818 350 880 corporis
378 818 500 881 supra
530 817 763 863 humanam
792 816 1132 880 magnitudinem
1163 817 1331 864 habitus
1350 834 1422 864 au-

151 903 289 953 getur.
313 892 443 949 Sunt,
463 907 572 955 quae
591 890 758 936 dextras
777 888 907 937 facies
925 889 1153 937 ostendant
1167 926 1180 948 ,
1201 892 1294 936 sunt
1312 907 1424 955 quae

149 964 331 1012 sinistras
347 1000 359 1020 ,
393 966 485 1012 sunt
504 982 612 1028 quae
641 976 872 1026 torqueant
894 963 962 1008 vel
981 975 1186 1008 evertant.
1210 963 1332 1023 Quid
1351 980 1422 1009 er·-

148 1054 207 1100 go
233 1039 392 1094 mirum
419 1038 504 1093 est,
540 1037 804 1103 eiuscemodi
826 1037 1048 1100 speculum
1071 1053 1163 1100 quo
1196 1036 1296 1083 solis
1327 1037 1422 1099 spe-

148 1110 233 1157 cies
259 1110 416 1157 vitiosa
443 1111 650 1157 reddatur
668 1145 681 1167 ‚
718 1110 761 1156 in
787 1111 902 1157 nube
932 1127 1111 1173 quoque
1146 1109 1276 1156 fieri?

213 1182 285 1227 VI.
312 1182 427 1226 Inter
446 1196 589 1228 cetera
605 1197 858 1244 argumenta
877 1196 919 1228 et
937 1182 1024 1229 hoc
1042 1181 1143 1236 erit,
1164 1182 1286 1244 quod
1308 1198 1420 1228 nun-2

147 1270 276 1317 quam
299 1254 440 1300 maior
465 1271 590 1302 arcus
615 1254 800 1300 dimidio
821 1254 986 1302 circulo
1005 1267 1203 1317 apparet:
1234 1267 1277 1301 et
1297 1254 1420 1317 quod

146 1343 203 1374 eo
235 1326 384 1372 minor
403 1326 490 1385 est,
516 1342 610 1389 quo
637 1326 768 1372 altior
797 1326 857 1372 est
888 1325 969 1372 sol.

529 1436 590 1479 Ec
619 1435 718 1479 bibit
749 1435 894 1496 ingens

263 1507 402 1551 Arcus

150 1626 196 1658 ut
216 1611 274 1658 ait
293 1611 504 1674 Virgilius
521 1610 667 1658 noster
682 1647 695 1671 ,
711 1628 810 1658 cum
826 1611 1029 1660 adventat
1049 1611 1188 1659 imber
1207 1629 1217 1657 τ
1234 1611 1303 1658 sed
1324 1628 1438 1667 none

147 1682 342 1740 easdem,
372 1682 660 1744 undecunque
691 1682 919 1745 apparuit,
938 1683 1074 1730 minas
1100 1682 1237 1730 affert.
1268 1686 1301 1729 A
1321 1701 1416 1731 me-

146 1755 257 1803 ridie
276 1768 397 1802 ortus
415 1771 614 1818 magnam
637 1756 733 1802 vim
756 1773 963 1819 aquarum
978 1757 1121 1803 vehet.
1147 1757 1277 1805 Vinci
1298 1757 1414 1805 enim

146 1844 237 1874 non
262 1840 499 1891 potuerunt
523 1828 812 1875 valentiffimo
833 1827 950 1883 sole;
976 1840 1140 1875 tantum
1168 1829 1227 1876 est
1249 1830 1329 1877 illis
1347 1830 1416 1876 vi-

145 1903 273 1948 rium.
305 1901 346 1947 Si
376 1901 489 1948 circa
516 1901 720 1948 occasum
746 1901 935 1956 refulfit‚
967 1900 1158 1960 rorabit,
1188 1901 1229 1949 et
1258 1902 1414 1949 leviter

146 1975 340 2038 impluet.
369 1976 410 2021 Si
433 1975 486 2021 ab
509 1988 609 2023 ortu
632 1975 806 2023 circave
824 1975 1029 2034 surrexit,
1057 1975 1204 2024 serena
1222 1977 1409 2039 promit-

146 2051 212 2095 tit.
253 2051 402 2108 Quare
433 2062 603 2108 tamen,
632 2049 662 2094 fi
695 2049 840 2111 imago
873 2049 972 2095 solis
1001 2048 1060 2095 est
1088 2066 1211 2096 arcus
1230 2086 1244 2108 ,
1278 2051 1408 2114 longe

146 2122 242 2188 ipso
276 2122 363 2169 sole
394 2123 532 2170 maior
558 2128 770 2186 apparet?
806 2124 925 2184 Quia
954 2122 1014 2170 est
1043 2123 1221 2170 alicuius
1251 2125 1409 2187 speculi

148 2208 299 2240 natura
318 2195 441 2253 talis,
467 2210 514 2242 ut
543 2197 710 2243 maiora
739 2197 878 2242 multo
908 2214 1038 2260 quam
1067 2196 1236 2253 videat,
1259 2197 1406 2244 osten-

149 2267 253 2324 dat,
284 2281 327 2314 et
360 2268 403 2313 in
431 2269 726 2330 portentosam
756 2269 1095 2332 magnitudinem
1131 2281 1281 2332 augeat
1309 2269 1407 2316 for·

148 2356 237 2385 mas
259 2357 268 2385 :
290 2340 466 2389 alicuius
493 2341 680 2389 invicem
706 2342 797 2389 talis
817 2342 902 2397 est,
922 2353 968 2388 ut
995 2343 1171 2389 minuat.
1197 2343 1302 2389 lllud
1328 2343 1410 2390 mi-

93 2444 107 2449 --
149 2410 192 2459 hi
224 2412 293 2460 dic
310 2448 323 2472 ‚
346 2430 478 2477 quare
504 2414 549 2461 in
579 2414 731 2460 orbem
758 2429 824 2461 eat
851 2414 1008 2470 facies,
1035 2414 1111 2460 nifi
1136 2415 1233 2462 orbi
1259 2416 1407 2463 reddi-
