<?xml version="1.0" encoding="UTF-8"?>
<!DOCTYPE html PUBLIC "-//W3C//DTD XHTML 1.0 Transitional//EN"
    "http://www.w3.org/TR/xhtml1/DTD/xhtml1-transitional.dtd">
<html xmlns="http://www.w3.org/1999/xhtml" xml:lang="en" lang="en">
 <head>
  <title>
</title>
<meta http-equiv="Content-Type" content="text/html;charset=utf-8" />
  <meta name='ocr-system' content='tesseract 3.04.00' />
  <meta name='ocr-capabilities' content='ocr_page ocr_carea ocr_par ocr_line ocrx_word'/>
</head>
<body>
  <div class='ocr_page' id='page_1' title='image "./lannaeisenecaeph04seneuoft_0345.png"; bbox 0 0 1730 2870; ppageno 0'>
   <div class='ocr_carea' id='block_1_1' title="bbox 348 93 1456 164">
    <p class='ocr_par' dir='ltr' id='par_1_1' title="bbox 348 93 1456 164">
     <span class='ocr_line' id='line_1_1' title="bbox 348 93 1456 164; baseline 0 -19"><span class='ocrx_word' id='word_1_1' title='bbox 348 93 628 145; x_wconf 83' lang='lat' dir='ltr'>NATUR.</span> <span class='ocrx_word' id='word_1_2' title='bbox 676 94 1003 157; x_wconf 81' lang='lat' dir='ltr'><strong>QUAEST.</strong></span> <span class='ocrx_word' id='word_1_3' title='bbox 1051 94 1183 143; x_wconf 78' lang='grc' dir='ltr'>ιιΒ.</span> <span class='ocrx_word' id='word_1_4' title='bbox 1217 96 1293 144; x_wconf 78' lang='lat' dir='ltr'>vl.</span> <span class='ocrx_word' id='word_1_5' title='bbox 1363 114 1456 164; x_wconf 75' lang='lat'>339</span> 
     </span>
    </p>
   </div>
   <div class='ocr_carea' id='block_1_2' title="bbox 173 202 1469 2438">
    <p class='ocr_par' dir='ltr' id='par_1_2' title="bbox 173 202 1460 1215">
     <span class='ocr_line' id='line_1_2' title="bbox 173 202 1455 266; baseline -0.001 -13"><span class='ocrx_word' id='word_1_6' title='bbox 173 221 244 254; x_wconf 87' lang='lat' dir='ltr'>ces</span> <span class='ocrx_word' id='word_1_7' title='bbox 272 217 452 252; x_wconf 88' lang='lat' dir='ltr'>tument.</span> <span class='ocrx_word' id='word_1_8' title='bbox 480 205 566 250; x_wconf 90' lang='lat' dir='ltr'>Hic</span> <span class='ocrx_word' id='word_1_9' title='bbox 595 203 767 266; x_wconf 86' lang='lat' dir='ltr'>spiritus</span> <span class='ocrx_word' id='word_1_10' title='bbox 787 203 997 266; x_wconf 79' lang='lat' dir='ltr'>quamdiu</span> <span class='ocrx_word' id='word_1_11' title='bbox 1025 202 1147 251; x_wconf 88' lang='lat' dir='ltr'>terris</span> <span class='ocrx_word' id='word_1_12' title='bbox 1177 203 1455 266; x_wconf 81' lang='lat' dir='ltr'><strong>continetur,</strong></span> 
     </span>
     <span class='ocr_line' id='line_1_3' title="bbox 174 276 1454 340; baseline 0.001 -13"><span class='ocrx_word' id='word_1_13' title='bbox 174 281 293 327; x_wconf 87' lang='lat' dir='ltr'>tenui</span> <span class='ocrx_word' id='word_1_14' title='bbox 332 278 547 326; x_wconf 85' lang='lat' dir='ltr'>foramine</span> <span class='ocrx_word' id='word_1_15' title='bbox 578 276 745 335; x_wconf 85' lang='lat' dir='ltr'>fluens,</span> <span class='ocrx_word' id='word_1_16' title='bbox 779 295 870 324; x_wconf 86' lang='lat' dir='ltr'>non</span> <span class='ocrx_word' id='word_1_17' title='bbox 908 279 1005 340; x_wconf 89' lang='lat' dir='ltr'>plus</span> <span class='ocrx_word' id='word_1_18' title='bbox 1039 279 1259 340; x_wconf 79' lang='lat' dir='ltr'>potentiae</span> <span class='ocrx_word' id='word_1_19' title='bbox 1288 280 1415 329; x_wconf 87' lang='lat' dir='ltr'>habet</span> <span class='ocrx_word' id='word_1_20' title='bbox 1437 315 1454 340; x_wconf 86' lang='lat'>,</span> 
     </span>
     <span class='ocr_line' id='line_1_4' title="bbox 173 351 1456 416; baseline 0.002 -17"><span class='ocrx_word' id='word_1_21' title='bbox 173 371 302 416; x_wconf 89' lang='lat' dir='ltr'>quam</span> <span class='ocrx_word' id='word_1_22' title='bbox 321 365 367 399; x_wconf 84' lang='lat' dir='ltr'>ut</span> <span class='ocrx_word' id='word_1_23' title='bbox 386 351 674 412; x_wconf 63' lang='lat' dir='ltr'>despeRantia</span> <span class='ocrx_word' id='word_1_24' title='bbox 693 365 736 397; x_wconf 85' lang='lat' dir='ltr'>et</span> <span class='ocrx_word' id='word_1_25' title='bbox 751 352 869 397; x_wconf 87' lang='lat' dir='ltr'>ultro</span> <span class='ocrx_word' id='word_1_26' title='bbox 888 351 965 397; x_wconf 78' lang='lat' dir='ltr'>fibi</span> <span class='ocrx_word' id='word_1_27' title='bbox 985 351 1099 398; x_wconf 85' lang='lat' dir='ltr'>illata</span> <span class='ocrx_word' id='word_1_28' title='bbox 1122 352 1340 402; x_wconf 78' lang='lat' dir='ltr'>conficiat.</span> <span class='ocrx_word' id='word_1_29' title='bbox 1363 357 1456 405; x_wconf 89' lang='lat' dir='ltr'>Ubi</span> 
     </span>
     <span class='ocr_line' id='line_1_5' title="bbox 175 424 1455 488; baseline 0.005 -18"><span class='ocrx_word' id='word_1_30' title='bbox 175 442 254 488; x_wconf 86' lang='lat' dir='ltr'>per</span> <span class='ocrx_word' id='word_1_31' title='bbox 271 425 408 470; x_wconf 84' lang='lat' dir='ltr'>secula</span> <span class='ocrx_word' id='word_1_32' title='bbox 439 424 626 470; x_wconf 87' lang='lat' dir='ltr'>conditis</span> <span class='ocrx_word' id='word_1_33' title='bbox 645 424 837 470; x_wconf 87' lang='lat' dir='ltr'>tenebris</span> <span class='ocrx_word' id='word_1_34' title='bbox 865 439 914 470; x_wconf 82' lang='lat' dir='ltr'>ac</span> <span class='ocrx_word' id='word_1_35' title='bbox 944 424 1112 471; x_wconf 78' lang='lat' dir='ltr'>tristitia</span> <span class='ocrx_word' id='word_1_36' title='bbox 1140 424 1226 472; x_wconf 92' lang='lat' dir='ltr'>loci</span> <span class='ocrx_word' id='word_1_37' title='bbox 1246 428 1387 475; x_wconf 82' lang='lat' dir='ltr'>crevit</span> <span class='ocrx_word' id='word_1_38' title='bbox 1409 430 1455 476; x_wconf 86' lang='lat' dir='ltr'>in</span> 
     </span>
     <span class='ocr_line' id='line_1_6' title="bbox 176 495 1456 562; baseline 0.003 -19"><span class='ocrx_word' id='word_1_39' title='bbox 176 497 360 553; x_wconf 83' lang='lat' dir='ltr'>vitium,</span> <span class='ocrx_word' id='word_1_40' title='bbox 384 497 473 558; x_wconf 77' lang='lat' dir='ltr'>ipsa</span> <span class='ocrx_word' id='word_1_41' title='bbox 505 496 761 558; x_wconf 77' lang='lat' dir='ltr'>ingravescit</span> <span class='ocrx_word' id='word_1_42' title='bbox 794 511 944 551; x_wconf 81' lang='lat' dir='ltr'>mora3</span> <span class='ocrx_word' id='word_1_43' title='bbox 966 495 1117 558; x_wconf 80' lang='lat' dir='ltr'>peior,</span> <span class='ocrx_word' id='word_1_44' title='bbox 1148 514 1238 560; x_wconf 86' lang='lat' dir='ltr'>quo</span> <span class='ocrx_word' id='word_1_45' title='bbox 1270 499 1456 562; x_wconf 78' lang='lat' dir='ltr'>legnior.</span> 
     </span>
     <span class='ocr_line' id='line_1_7' title="bbox 175 567 1458 625; baseline 0.002 -10"><span class='ocrx_word' id='word_1_46' title='bbox 175 570 289 615; x_wconf 88' lang='lat' dir='ltr'>Cum</span> <span class='ocrx_word' id='word_1_47' title='bbox 314 581 457 614; x_wconf 86' lang='lat' dir='ltr'>autem</span> <span class='ocrx_word' id='word_1_48' title='bbox 486 569 651 614; x_wconf 85' lang='lat' dir='ltr'>exitum</span> <span class='ocrx_word' id='word_1_49' title='bbox 678 569 826 614; x_wconf 63' lang='lat' dir='ltr'>nactus</span> <span class='ocrx_word' id='word_1_50' title='bbox 844 567 935 625; x_wconf 88' lang='lat' dir='ltr'>est,</span> <span class='ocrx_word' id='word_1_51' title='bbox 971 581 1196 615; x_wconf 81' lang='lat' dir='ltr'>aeternum</span> <span class='ocrx_word' id='word_1_52' title='bbox 1223 570 1331 618; x_wconf 90' lang='lat' dir='ltr'>illud</span> <span class='ocrx_word' id='word_1_53' title='bbox 1357 591 1458 620; x_wconf 87' lang='lat' dir='ltr'>um-</span> 
     </span>
     <span class='ocr_line' id='line_1_8' title="bbox 174 640 1456 704; baseline 0.003 -16"><span class='ocrx_word' id='word_1_54' title='bbox 174 641 288 688; x_wconf 84' lang='lat' dir='ltr'>hrofi</span> <span class='ocrx_word' id='word_1_55' title='bbox 313 641 486 704; x_wconf 84' lang='lat' dir='ltr'>frigoris</span> <span class='ocrx_word' id='word_1_56' title='bbox 514 642 674 686; x_wconf 86' lang='lat' dir='ltr'>malum</span> <span class='ocrx_word' id='word_1_57' title='bbox 690 675 703 697; x_wconf 91' lang='lat'>,</span> <span class='ocrx_word' id='word_1_58' title='bbox 725 651 767 685; x_wconf 89' lang='lat' dir='ltr'>et</span> <span class='ocrx_word' id='word_1_59' title='bbox 786 640 1002 687; x_wconf 68' lang='lat' dir='ltr'>infernam</span> <span class='ocrx_word' id='word_1_60' title='bbox 1033 642 1205 688; x_wconf 71' lang='lat' dir='ltr'>no&amp;em</span> <span class='ocrx_word' id='word_1_61' title='bbox 1226 643 1379 704; x_wconf 83' lang='lat' dir='ltr'>solvit,</span> <span class='ocrx_word' id='word_1_62' title='bbox 1404 663 1456 695; x_wconf 88' lang='lat' dir='ltr'>ac</span> 
     </span>
     <span class='ocr_line' id='line_1_9' title="bbox 173 711 1457 777; baseline 0.003 -18"><span class='ocrx_word' id='word_1_63' title='bbox 173 713 367 777; x_wconf 78' lang='lat' dir='ltr'>regionis</span> <span class='ocrx_word' id='word_1_64' title='bbox 389 712 558 759; x_wconf 83' lang='lat' dir='ltr'>nostrae</span> <span class='ocrx_word' id='word_1_65' title='bbox 586 713 684 758; x_wconf 75' lang='lat' dir='ltr'>ac&#39;ra</span> <span class='ocrx_word' id='word_1_66' title='bbox 703 711 898 759; x_wconf 79' lang='lat' dir='ltr'>infuscat.</span> <span class='ocrx_word' id='word_1_67' title='bbox 932 713 1181 760; x_wconf 81' lang='lat' dir='ltr'>Vincuntur</span> <span class='ocrx_word' id='word_1_68' title='bbox 1209 717 1326 763; x_wconf 87' lang='lat' dir='ltr'>enim</span> <span class='ocrx_word' id='word_1_69' title='bbox 1358 735 1457 766; x_wconf 83' lang='lat' dir='ltr'>me-</span> 
     </span>
     <span class='ocr_line' id='line_1_10' title="bbox 175 786 1458 851; baseline 0.006 -20"><span class='ocrx_word' id='word_1_70' title='bbox 175 786 285 831; x_wconf 85' lang='lat' dir='ltr'>liora</span> <span class='ocrx_word' id='word_1_71' title='bbox 303 786 541 849; x_wconf 88' lang='lat' dir='ltr'>peioribus.</span> <span class='ocrx_word' id='word_1_72' title='bbox 554 788 683 832; x_wconf 86' lang='lat' dir='ltr'>Tunc</span> <span class='ocrx_word' id='word_1_73' title='bbox 701 786 831 832; x_wconf 84' lang='lat' dir='ltr'>etiam</span> <span class='ocrx_word' id='word_1_74' title='bbox 853 787 925 833; x_wconf 85' lang='lat' dir='ltr'>ille</span> <span class='ocrx_word' id='word_1_75' title='bbox 944 787 1115 849; x_wconf 78' lang='lat' dir='ltr'>spiritus</span> <span class='ocrx_word' id='word_1_76' title='bbox 1136 790 1290 851; x_wconf 83' lang='lat' dir='ltr'>purior</span> <span class='ocrx_word' id='word_1_77' title='bbox 1309 793 1458 840; x_wconf 70' lang='lat' dir='ltr'>transit</span> 
     </span>
     <span class='ocr_line' id='line_1_11' title="bbox 176 859 1459 923; baseline 0.005 -16"><span class='ocrx_word' id='word_1_78' title='bbox 176 859 221 907; x_wconf 91' lang='lat' dir='ltr'>in</span> <span class='ocrx_word' id='word_1_79' title='bbox 257 862 458 908; x_wconf 88' lang='lat' dir='ltr'>noxium.</span> <span class='ocrx_word' id='word_1_80' title='bbox 491 862 592 907; x_wconf 87' lang='lat' dir='ltr'>lnde</span> <span class='ocrx_word' id='word_1_81' title='bbox 625 860 785 907; x_wconf 86' lang='lat' dir='ltr'>subitae</span> <span class='ocrx_word' id='word_1_82' title='bbox 825 859 1149 923; x_wconf 82' lang='lat' dir='ltr'>continuaeque</span> <span class='ocrx_word' id='word_1_83' title='bbox 1186 875 1379 919; x_wconf 86' lang='lat' dir='ltr'>mortes,</span> <span class='ocrx_word' id='word_1_84' title='bbox 1415 877 1459 913; x_wconf 86' lang='lat' dir='ltr'>et</span> 
     </span>
     <span class='ocr_line' id='line_1_12' title="bbox 176 935 1458 1000; baseline 0.005 -19"><span class='ocrx_word' id='word_1_85' title='bbox 176 935 420 982; x_wconf 84' lang='lat' dir='ltr'>monstrosa</span> <span class='ocrx_word' id='word_1_86' title='bbox 439 953 593 1000; x_wconf 86' lang='lat' dir='ltr'>genera</span> <span class='ocrx_word' id='word_1_87' title='bbox 623 936 885 981; x_wconf 84' lang='lat' dir='ltr'>morborum</span> <span class='ocrx_word' id='word_1_88' title='bbox 901 971 912 992; x_wconf 91' lang='lat'>,</span> <span class='ocrx_word' id='word_1_89' title='bbox 940 946 987 980; x_wconf 89' lang='lat' dir='ltr'>ut</span> <span class='ocrx_word' id='word_1_90' title='bbox 1008 951 1060 981; x_wconf 87' lang='lat' dir='ltr'>ex</span> <span class='ocrx_word' id='word_1_91' title='bbox 1083 935 1214 983; x_wconf 83' lang='lat' dir='ltr'>novis</span> <span class='ocrx_word' id='word_1_92' title='bbox 1232 945 1458 987; x_wconf 76' lang='lat' dir='ltr'>orta&#39;cau-</span> 
     </span>
     <span class='ocr_line' id='line_1_13' title="bbox 175 1005 1460 1070; baseline 0.004 -19"><span class='ocrx_word' id='word_1_93' title='bbox 175 1005 240 1052; x_wconf 86' lang='lat' dir='ltr'>fis.</span> <span class='ocrx_word' id='word_1_94' title='bbox 269 1006 421 1054; x_wconf 85' lang='lat' dir='ltr'>Brevis</span> <span class='ocrx_word' id='word_1_95' title='bbox 447 1021 518 1052; x_wconf 87' lang='lat' dir='ltr'>aut</span> <span class='ocrx_word' id='word_1_96' title='bbox 541 1007 671 1070; x_wconf 84' lang='lat' dir='ltr'>longa</span> <span class='ocrx_word' id='word_1_97' title='bbox 698 1008 841 1054; x_wconf 83' lang='lat' dir='ltr'>clades</span> <span class='ocrx_word' id='word_1_98' title='bbox 870 1006 952 1063; x_wconf 85' lang='lat' dir='ltr'>est,</span> <span class='ocrx_word' id='word_1_99' title='bbox 985 1020 1116 1069; x_wconf 88' lang='lat' dir='ltr'>prout</span> <span class='ocrx_word' id='word_1_100' title='bbox 1137 1008 1241 1055; x_wconf 86' lang='lat' dir='ltr'>vitia</span> <span class='ocrx_word' id='word_1_101' title='bbox 1269 1013 1460 1061; x_wconf 86' lang='lat' dir='ltr'>valuere.</span> 
     </span>
     <span class='ocr_line' id='line_1_14' title="bbox 175 1079 1460 1148; baseline 0.005 -23"><span class='ocrx_word' id='word_1_102' title='bbox 175 1080 271 1126; x_wconf 85' lang='lat' dir='ltr'>Nec</span> <span class='ocrx_word' id='word_1_103' title='bbox 288 1079 408 1142; x_wconf 87' lang='lat' dir='ltr'>prius</span> <span class='ocrx_word' id='word_1_104' title='bbox 428 1079 665 1141; x_wconf 82' lang='lat' dir='ltr'>pestilentia</span> <span class='ocrx_word' id='word_1_105' title='bbox 684 1080 854 1138; x_wconf 78' lang='lat' dir='ltr'>desinit,</span> <span class='ocrx_word' id='word_1_106' title='bbox 872 1091 1001 1142; x_wconf 84' lang='lat' dir='ltr'>quam</span> <span class='ocrx_word' id='word_1_107' title='bbox 1021 1080 1216 1142; x_wconf 81' lang='lat' dir='ltr'>spiritum</span> <span class='ocrx_word' id='word_1_108' title='bbox 1231 1082 1350 1129; x_wconf 89' lang='lat' dir='ltr'>illum</span> <span class='ocrx_word' id='word_1_109' title='bbox 1366 1101 1460 1148; x_wconf 85' lang='lat' dir='ltr'>gra-</span> 
     </span>
     <span class='ocr_line' id='line_1_15' title="bbox 176 1151 1393 1215; baseline 0.004 -15"><span class='ocrx_word' id='word_1_110' title='bbox 176 1168 279 1200; x_wconf 91' lang='lat' dir='ltr'>vem</span> <span class='ocrx_word' id='word_1_111' title='bbox 300 1152 493 1198; x_wconf 81' lang='lat' dir='ltr'>exercuit</span> <span class='ocrx_word' id='word_1_112' title='bbox 512 1151 662 1198; x_wconf 78' lang='lat' dir='ltr'>laxitas</span> <span class='ocrx_word' id='word_1_113' title='bbox 689 1151 827 1210; x_wconf 83' lang='lat' dir='ltr'>coeli,</span> <span class='ocrx_word' id='word_1_114' title='bbox 860 1163 1186 1215; x_wconf 86' lang='lat' dir='ltr'>ventorumque</span> <span class='ocrx_word' id='word_1_115' title='bbox 1206 1155 1393 1205; x_wconf 59' lang='lat' dir='ltr'>iastatio.</span> 
     </span>
    </p>

    <p class='ocr_par' dir='ltr' id='par_1_3' title="bbox 177 1224 1469 2438">
     <span class='ocr_line' id='line_1_16' title="bbox 241 1224 1459 1291; baseline 0.005 -21"><span class='ocrx_word' id='word_1_116' title='bbox 241 1224 421 1270; x_wconf 85' lang='lat' dir='ltr'>XXIX.</span> <span class='ocrx_word' id='word_1_117' title='bbox 451 1225 565 1270; x_wconf 80' lang='lat' dir='ltr'>Nam</span> <span class='ocrx_word' id='word_1_118' title='bbox 593 1224 715 1286; x_wconf 86' lang='lat' dir='ltr'>quod</span> <span class='ocrx_word' id='word_1_119' title='bbox 742 1225 908 1287; x_wconf 87' lang='lat' dir='ltr'>aliquot</span> <span class='ocrx_word' id='word_1_120' title='bbox 921 1224 1075 1271; x_wconf 87' lang='lat' dir='ltr'>insanis</span> <span class='ocrx_word' id='word_1_121' title='bbox 1101 1227 1379 1291; x_wconf 83' lang='lat' dir='ltr'>attonitisque</span> <span class='ocrx_word' id='word_1_122' title='bbox 1403 1229 1459 1276; x_wconf 79' lang='lat' dir='ltr'>si-</span> 
     </span>
     <span class='ocr_line' id='line_1_17' title="bbox 177 1295 1462 1360; baseline 0.006 -17"><span class='ocrx_word' id='word_1_123' title='bbox 177 1297 300 1343; x_wconf 89' lang='lat' dir='ltr'>miles</span> <span class='ocrx_word' id='word_1_124' title='bbox 321 1296 559 1342; x_wconf 82' lang='lat' dir='ltr'>discurrere</span> <span class='ocrx_word' id='word_1_125' title='bbox 578 1295 684 1342; x_wconf 87' lang='lat' dir='ltr'>fecit</span> <span class='ocrx_word' id='word_1_126' title='bbox 702 1309 842 1343; x_wconf 85' lang='lat' dir='ltr'>metus</span> <span class='ocrx_word' id='word_1_127' title='bbox 855 1332 868 1355; x_wconf 83' lang='grc'>,</span> <span class='ocrx_word' id='word_1_128' title='bbox 898 1297 972 1360; x_wconf 81' lang='lat' dir='ltr'>qui</span> <span class='ocrx_word' id='word_1_129' title='bbox 993 1298 1155 1344; x_wconf 82' lang='lat' dir='ltr'>excutit</span> <span class='ocrx_word' id='word_1_130' title='bbox 1175 1311 1340 1348; x_wconf 83' lang='lat' dir='ltr'>mentes</span> <span class='ocrx_word' id='word_1_131' title='bbox 1355 1338 1368 1360; x_wconf 91' lang='lat'><strong>‚</strong></span> <span class='ocrx_word' id='word_1_132' title='bbox 1386 1300 1462 1351; x_wconf 81' lang='lat' dir='ltr'>ubi</span> 
     </span>
     <span class='ocr_line' id='line_1_18' title="bbox 178 1367 1463 1432; baseline 0.005 -17"><span class='ocrx_word' id='word_1_133' title='bbox 178 1369 374 1432; x_wconf 86' lang='lat' dir='ltr'>privatus</span> <span class='ocrx_word' id='word_1_134' title='bbox 393 1385 442 1414; x_wconf 92' lang='lat' dir='ltr'>ac</span> <span class='ocrx_word' id='word_1_135' title='bbox 462 1367 666 1415; x_wconf 88' lang='lat' dir='ltr'>modicus</span> <span class='ocrx_word' id='word_1_136' title='bbox 683 1367 743 1415; x_wconf 87' lang='lat' dir='ltr'>est</span> <span class='ocrx_word' id='word_1_137' title='bbox 761 1384 772 1412; x_wconf 76' lang='grc' dir='ltr'><strong><em>ε</em></strong></span> <span class='ocrx_word' id='word_1_138' title='bbox 792 1367 901 1431; x_wconf 85' lang='lat' dir='ltr'>quid</span> <span class='ocrx_word' id='word_1_139' title='bbox 921 1368 995 1416; x_wconf 87' lang='lat' dir='ltr'>ubi</span> <span class='ocrx_word' id='word_1_140' title='bbox 1014 1368 1186 1432; x_wconf 85' lang='lat' dir='ltr'>publice</span> <span class='ocrx_word' id='word_1_141' title='bbox 1208 1385 1342 1421; x_wconf 80' lang='lat' dir='ltr'>terret</span> <span class='ocrx_word' id='word_1_142' title='bbox 1356 1408 1369 1432; x_wconf 93' lang='lat'>‚</span> <span class='ocrx_word' id='word_1_143' title='bbox 1385 1373 1463 1422; x_wconf 90' lang='lat' dir='ltr'>ubi</span> 
     </span>
     <span class='ocr_line' id='line_1_19' title="bbox 178 1440 1461 1503; baseline 0.003 -15"><span class='ocrx_word' id='word_1_144' title='bbox 178 1441 338 1488; x_wconf 84' lang='lat' dir='ltr'>cadunt</span> <span class='ocrx_word' id='word_1_145' title='bbox 350 1440 500 1495; x_wconf 86' lang='lat' dir='ltr'>urbes,</span> <span class='ocrx_word' id='word_1_146' title='bbox 518 1440 670 1503; x_wconf 89' lang='lat' dir='ltr'>populi</span> <span class='ocrx_word' id='word_1_147' title='bbox 690 1440 1003 1502; x_wconf 79' lang='lat' dir='ltr'>opprimuntur</span> <span class='ocrx_word' id='word_1_148' title='bbox 1018 1479 1029 1498; x_wconf 90' lang='lat'>‚</span> <span class='ocrx_word' id='word_1_149' title='bbox 1050 1453 1164 1488; x_wconf 85' lang='lat' dir='ltr'>terra</span> <span class='ocrx_word' id='word_1_150' title='bbox 1186 1446 1461 1503; x_wconf 83' lang='lat' dir='ltr'>concutitur3</span> 
     </span>
     <span class='ocr_line' id='line_1_20' title="bbox 178 1512 1462 1576; baseline 0.005 -16"><span class='ocrx_word' id='word_1_151' title='bbox 178 1513 287 1576; x_wconf 90' lang='lat' dir='ltr'>quid</span> <span class='ocrx_word' id='word_1_152' title='bbox 319 1513 479 1560; x_wconf 87' lang='lat' dir='ltr'>mirum</span> <span class='ocrx_word' id='word_1_153' title='bbox 513 1512 574 1560; x_wconf 86' lang='lat' dir='ltr'>est</span> <span class='ocrx_word' id='word_1_154' title='bbox 595 1546 607 1569; x_wconf 84' lang='lat'>-,</span> <span class='ocrx_word' id='word_1_155' title='bbox 638 1514 809 1560; x_wconf 88' lang='lat' dir='ltr'>animos</span> <span class='ocrx_word' id='word_1_156' title='bbox 835 1513 947 1560; x_wconf 85' lang='lat' dir='ltr'>inter</span> <span class='ocrx_word' id='word_1_157' title='bbox 982 1515 1186 1561; x_wconf 84' lang='lat' dir='ltr'>dolorem</span> <span class='ocrx_word' id='word_1_158' title='bbox 1220 1529 1263 1562; x_wconf 89' lang='lat' dir='ltr'>et</span> <span class='ocrx_word' id='word_1_159' title='bbox 1293 1533 1462 1566; x_wconf 87' lang='lat' dir='ltr'>metum</span> 
     </span>
     <span class='ocr_line' id='line_1_21' title="bbox 179 1585 1463 1654; baseline 0.003 -20"><span class='ocrx_word' id='word_1_160' title='bbox 179 1586 408 1635; x_wconf 85' lang='lat' dir='ltr'>destitutos</span> <span class='ocrx_word' id='word_1_161' title='bbox 441 1586 683 1633; x_wconf 65' lang='lat' dir='ltr'>aberrasse?</span> <span class='ocrx_word' id='word_1_162' title='bbox 720 1587 826 1632; x_wconf 93' lang='lat' dir='ltr'>Non</span> <span class='ocrx_word' id='word_1_163' title='bbox 862 1585 924 1633; x_wconf 89' lang='lat' dir='ltr'>est</span> <span class='ocrx_word' id='word_1_164' title='bbox 956 1586 1079 1633; x_wconf 85' lang='lat' dir='ltr'>facile</span> <span class='ocrx_word' id='word_1_165' title='bbox 1103 1621 1117 1645; x_wconf 90' lang='lat'>‚</span> <span class='ocrx_word' id='word_1_166' title='bbox 1158 1587 1272 1635; x_wconf 85' lang='lat' dir='ltr'>inter</span> <span class='ocrx_word' id='word_1_167' title='bbox 1306 1605 1463 1654; x_wconf 86' lang='lat' dir='ltr'>magna</span> 
     </span>
     <span class='ocr_line' id='line_1_22' title="bbox 179 1660 1464 1725; baseline 0.002 -16"><span class='ocrx_word' id='word_1_168' title='bbox 179 1663 290 1709; x_wconf 84' lang='lat' dir='ltr'>mala</span> <span class='ocrx_word' id='word_1_169' title='bbox 309 1661 548 1723; x_wconf 74' lang='lat' dir='ltr'>consipere.</span> <span class='ocrx_word' id='word_1_170' title='bbox 581 1664 729 1723; x_wconf 87' lang='lat' dir='ltr'>Itaque</span> <span class='ocrx_word' id='word_1_171' title='bbox 755 1660 964 1707; x_wconf 86' lang='lat' dir='ltr'>leniffima</span> <span class='ocrx_word' id='word_1_172' title='bbox 996 1660 1089 1710; x_wconf 90' lang='lat' dir='ltr'>fere</span> <span class='ocrx_word' id='word_1_173' title='bbox 1112 1662 1284 1725; x_wconf 85' lang='lat' dir='ltr'>ingenia</span> <span class='ocrx_word' id='word_1_174' title='bbox 1301 1663 1345 1710; x_wconf 90' lang='lat' dir='ltr'>in</span> <span class='ocrx_word' id='word_1_175' title='bbox 1370 1683 1464 1712; x_wconf 85' lang='lat' dir='ltr'>tan-</span> 
     </span>
     <span class='ocr_line' id='line_1_23' title="bbox 179 1731 1465 1788; baseline 0.002 -6"><span class='ocrx_word' id='word_1_176' title='bbox 179 1748 273 1782; x_wconf 89' lang='lat' dir='ltr'>tum</span> <span class='ocrx_word' id='word_1_177' title='bbox 310 1751 472 1783; x_wconf 89' lang='lat' dir='ltr'>venere</span> <span class='ocrx_word' id='word_1_178' title='bbox 506 1731 790 1788; x_wconf 86' lang='lat' dir='ltr'>formidinis,</span> <span class='ocrx_word' id='word_1_179' title='bbox 819 1749 866 1780; x_wconf 89' lang='lat' dir='ltr'>ut</span> <span class='ocrx_word' id='word_1_180' title='bbox 901 1732 978 1779; x_wconf 88' lang='lat' dir='ltr'>fibi</span> <span class='ocrx_word' id='word_1_181' title='bbox 1011 1733 1278 1782; x_wconf 85' lang='lat' dir='ltr'>exciderent.</span> <span class='ocrx_word' id='word_1_182' title='bbox 1315 1739 1465 1785; x_wconf 87' lang='lat' dir='ltr'>Nemo</span> 
     </span>
     <span class='ocr_line' id='line_1_24' title="bbox 179 1805 1464 1872; baseline 0 -17"><span class='ocrx_word' id='word_1_183' title='bbox 179 1807 359 1872; x_wconf 91' lang='lat' dir='ltr'>quidem</span> <span class='ocrx_word' id='word_1_184' title='bbox 384 1806 472 1854; x_wconf 87' lang='lat' dir='ltr'>fine</span> <span class='ocrx_word' id='word_1_185' title='bbox 490 1807 632 1870; x_wconf 86' lang='lat' dir='ltr'>aliqua</span> <span class='ocrx_word' id='word_1_186' title='bbox 651 1807 811 1854; x_wconf 67' lang='lat' dir='ltr'>iaflura</span> <span class='ocrx_word' id='word_1_187' title='bbox 842 1805 1032 1852; x_wconf 84' lang='lat' dir='ltr'>sanitatis</span> <span class='ocrx_word' id='word_1_188' title='bbox 1052 1807 1260 1869; x_wconf 82' lang='lat' dir='ltr'>expavit3</span> <span class='ocrx_word' id='word_1_189' title='bbox 1294 1808 1464 1855; x_wconf 78' lang='lat' dir='ltr'>similis-</span> 
     </span>
     <span class='ocr_line' id='line_1_25' title="bbox 179 1878 1466 1943; baseline 0.002 -17"><span class='ocrx_word' id='word_1_190' title='bbox 179 1897 264 1943; x_wconf 90' lang='lat' dir='ltr'>que</span> <span class='ocrx_word' id='word_1_191' title='bbox 289 1878 475 1934; x_wconf 86' lang='lat' dir='ltr'>furenti,</span> <span class='ocrx_word' id='word_1_192' title='bbox 507 1879 698 1942; x_wconf 84' lang='lat' dir='ltr'>quisquis</span> <span class='ocrx_word' id='word_1_193' title='bbox 716 1879 844 1926; x_wconf 88' lang='lat' dir='ltr'>timet</span> <span class='ocrx_word' id='word_1_194' title='bbox 862 1895 873 1924; x_wconf 77' lang='grc' dir='ltr'><strong><em>ε</em></strong></span> <span class='ocrx_word' id='word_1_195' title='bbox 908 1878 979 1924; x_wconf 93' lang='lat' dir='ltr'>sed</span> <span class='ocrx_word' id='word_1_196' title='bbox 1000 1878 1106 1925; x_wconf 81' lang='lat' dir='ltr'>alios</span> <span class='ocrx_word' id='word_1_197' title='bbox 1124 1878 1214 1926; x_wconf 90' lang='lat' dir='ltr'>cito</span> <span class='ocrx_word' id='word_1_198' title='bbox 1232 1880 1368 1927; x_wconf 78' lang='lat' dir='ltr'>timor</span> <span class='ocrx_word' id='word_1_199' title='bbox 1387 1882 1466 1930; x_wconf 83' lang='lat' dir='ltr'>fibi</span> 
     </span>
     <span class='ocr_line' id='line_1_26' title="bbox 180 1951 1467 2014; baseline 0.002 -15"><span class='ocrx_word' id='word_1_200' title='bbox 180 1952 351 2011; x_wconf 88' lang='lat' dir='ltr'>reddit,</span> <span class='ocrx_word' id='word_1_201' title='bbox 384 1952 490 2000; x_wconf 82' lang='lat' dir='ltr'>alios</span> <span class='ocrx_word' id='word_1_202' title='bbox 520 1952 824 2001; x_wconf 86' lang='lat' dir='ltr'>vehementius</span> <span class='ocrx_word' id='word_1_203' title='bbox 855 1951 1112 2014; x_wconf 87' lang='lat' dir='ltr'>perturbat,</span> <span class='ocrx_word' id='word_1_204' title='bbox 1139 1966 1184 1999; x_wconf 92' lang='lat' dir='ltr'>et</span> <span class='ocrx_word' id='word_1_205' title='bbox 1205 1951 1252 1998; x_wconf 91' lang='lat' dir='ltr'>in</span> <span class='ocrx_word' id='word_1_206' title='bbox 1281 1954 1467 2002; x_wconf 87' lang='lat' dir='ltr'>demen-</span> 
     </span>
     <span class='ocr_line' id='line_1_27' title="bbox 181 2023 1466 2090; baseline 0.005 -20"><span class='ocrx_word' id='word_1_207' title='bbox 181 2024 284 2070; x_wconf 89' lang='lat' dir='ltr'>tiam</span> <span class='ocrx_word' id='word_1_208' title='bbox 300 2023 515 2071; x_wconf 84' lang='lat' dir='ltr'>transfert.</span> <span class='ocrx_word' id='word_1_209' title='bbox 545 2025 650 2072; x_wconf 86' lang='lat' dir='ltr'>Inde</span> <span class='ocrx_word' id='word_1_210' title='bbox 673 2023 786 2071; x_wconf 87' lang='lat' dir='ltr'>inter</span> <span class='ocrx_word' id='word_1_211' title='bbox 811 2024 922 2070; x_wconf 91' lang='lat' dir='ltr'>bella</span> <span class='ocrx_word' id='word_1_212' title='bbox 950 2041 1152 2072; x_wconf 83' lang='lat' dir='ltr'>erravere</span> <span class='ocrx_word' id='word_1_213' title='bbox 1178 2026 1466 2090; x_wconf 78' lang='lat' dir='ltr'>lymphaticiz</span> 
     </span>
     <span class='ocr_line' id='line_1_28' title="bbox 183 2095 1467 2160; baseline 0.002 -17"><span class='ocrx_word' id='word_1_214' title='bbox 183 2113 265 2143; x_wconf 88' lang='lat' dir='ltr'>nec</span> <span class='ocrx_word' id='word_1_215' title='bbox 289 2095 471 2160; x_wconf 83' lang='lat' dir='ltr'>usquam</span> <span class='ocrx_word' id='word_1_216' title='bbox 498 2096 620 2159; x_wconf 87' lang='lat' dir='ltr'>plura</span> <span class='ocrx_word' id='word_1_217' title='bbox 650 2096 851 2159; x_wconf 86' lang='lat' dir='ltr'>exempla</span> <span class='ocrx_word' id='word_1_218' title='bbox 878 2095 1211 2142; x_wconf 89' lang='lat' dir='ltr'>vaticinantium</span> <span class='ocrx_word' id='word_1_219' title='bbox 1243 2097 1467 2159; x_wconf 88' lang='lat' dir='ltr'>invenies,</span> 
     </span>
     <span class='ocr_line' id='line_1_29' title="bbox 181 2169 1468 2235; baseline 0.004 -18"><span class='ocrx_word' id='word_1_220' title='bbox 181 2187 314 2234; x_wconf 87' lang='lat' dir='ltr'>quam</span> <span class='ocrx_word' id='word_1_221' title='bbox 333 2169 410 2218; x_wconf 88' lang='lat' dir='ltr'>ubi</span> <span class='ocrx_word' id='word_1_222' title='bbox 432 2169 632 2217; x_wconf 84' lang='lat' dir='ltr'>formido</span> <span class='ocrx_word' id='word_1_223' title='bbox 659 2186 827 2219; x_wconf 87' lang='lat' dir='ltr'>mentes</span> <span class='ocrx_word' id='word_1_224' title='bbox 859 2171 1070 2234; x_wconf 82' lang='lat' dir='ltr'>religione</span> <span class='ocrx_word' id='word_1_225' title='bbox 1095 2172 1229 2218; x_wconf 86' lang='lat' dir='ltr'>mixta</span> <span class='ocrx_word' id='word_1_226' title='bbox 1252 2174 1468 2235; x_wconf 85' lang='lat' dir='ltr'>percuffit.</span> 
     </span>
     <span class='ocr_line' id='line_1_30' title="bbox 181 2242 1469 2301; baseline 0.003 -10"><span class='ocrx_word' id='word_1_227' title='bbox 181 2244 374 2291; x_wconf 87' lang='lat' dir='ltr'>Statuam</span> <span class='ocrx_word' id='word_1_228' title='bbox 410 2242 592 2292; x_wconf 82' lang='lat' dir='ltr'>divisam</span> <span class='ocrx_word' id='word_1_229' title='bbox 626 2261 718 2290; x_wconf 90' lang='lat' dir='ltr'>non</span> <span class='ocrx_word' id='word_1_230' title='bbox 746 2243 886 2290; x_wconf 88' lang='lat' dir='ltr'>miror</span> <span class='ocrx_word' id='word_1_231' title='bbox 903 2278 918 2300; x_wconf 87' lang='lat'>,</span> <span class='ocrx_word' id='word_1_232' title='bbox 945 2260 1046 2291; x_wconf 89' lang='lat' dir='ltr'>cum</span> <span class='ocrx_word' id='word_1_233' title='bbox 1077 2244 1264 2291; x_wconf 86' lang='lat' dir='ltr'>dixerim</span> <span class='ocrx_word' id='word_1_234' title='bbox 1293 2261 1469 2301; x_wconf 83' lang='lat' dir='ltr'>montes</span> 
     </span>
     <span class='ocr_line' id='line_1_31' title="bbox 182 2314 1467 2380; baseline 0.005 -20"><span class='ocrx_word' id='word_1_235' title='bbox 182 2331 208 2360; x_wconf 88' lang='lat' dir='ltr'>a</span> <span class='ocrx_word' id='word_1_236' title='bbox 241 2314 468 2361; x_wconf 86' lang='lat' dir='ltr'>montibus</span> <span class='ocrx_word' id='word_1_237' title='bbox 499 2314 744 2376; x_wconf 80' lang='lat' dir='ltr'>receffiffe‚</span> <span class='ocrx_word' id='word_1_238' title='bbox 778 2331 822 2364; x_wconf 87' lang='lat' dir='ltr'>et</span> <span class='ocrx_word' id='word_1_239' title='bbox 851 2314 992 2380; x_wconf 85' lang='lat' dir='ltr'>ipsum</span> <span class='ocrx_word' id='word_1_240' title='bbox 1028 2315 1255 2380; x_wconf 88' lang='lat' dir='ltr'>diruptum</span> <span class='ocrx_word' id='word_1_241' title='bbox 1291 2319 1378 2367; x_wconf 77' lang='lat' dir='ltr'>effe</span> <span class='ocrx_word' id='word_1_242' title='bbox 1413 2320 1467 2367; x_wconf 76' lang='lat' dir='ltr'>ab</span> 
     </span>
     <span class='ocr_line' id='line_1_32' title="bbox 185 2386 462 2438; baseline 0.004 -4"><span class='ocrx_word' id='word_1_243' title='bbox 185 2386 279 2436; x_wconf 87' lang='lat' dir='ltr'>imo</span> <span class='ocrx_word' id='word_1_244' title='bbox 306 2387 462 2438; x_wconf 82' lang='lat' dir='ltr'>solum.</span> 
     </span>
    </p>
   </div>
   <div class='ocr_carea' id='block_1_3' title="bbox 1107 2456 1213 2510">
    <p class='ocr_par' dir='ltr' id='par_1_4' title="bbox 1107 2456 1213 2510">
     <span class='ocr_line' id='line_1_33' title="bbox 1107 2456 1213 2510; baseline 0.019 -2"><span class='ocrx_word' id='word_1_245' title='bbox 1107 2456 1213 2510; x_wconf 75' lang='lat' dir='ltr'>Yz</span> 
     </span>
    </p>
   </div>
  </div>
 </body>
</html>
