1730 2870
229 130 314 174 ⁸62
447 129 494 173 L.
545 129 857 174 ANNAEI
907 129 1273 176 SENECAE

218 236 459 283 constantia
479 236 592 282 coeli
607 249 694 281 tam
714 235 849 282 multa
866 237 1089 293 tentantis,
1109 251 1152 283 et
1172 237 1366 300 undique
1383 240 1501 285 labo·

219 310 352 356 rantis
371 346 382 368 ,
406 309 554 356 futura
585 310 815 371 tempestas
838 322 880 356 et
902 325 1137 357 ventorum
1171 313 1386 374 proelium
1421 332 1498 376 ap-

219 395 354 444 paret.
398 382 492 428 Hae
527 397 721 428 coronae
759 382 959 428 nostibus
995 380 1087 429 fere
1127 383 1240 430 circa
1273 385 1418 431 lunam
1461 398 1503 431 et

218 455 322 502 alias
343 454 477 501 stellas
495 466 702 500 notantur
717 488 731 508 ‚
758 454 945 500 interdiu
965 470 1068 499 raro
1089 471 1100 498 ε
1127 456 1239 502 adeo
1258 470 1305 503 ut
1324 456 1501 520 quidam

221 545 279 574 ex
316 526 497 573 Graecis
536 527 792 590 negaverint
828 541 898 572 eas
933 526 1122 573 omnino
1155 526 1279 586 fieri,
1317 546 1416 575 cum
1451 531 1503 574 il·

222 602 289 647 los
317 601 524 648 historiae
559 612 810 664 coarguant.
837 599 975 645 Causa
1011 613 1155 646 autem
1188 602 1372 649 raritatis
1397 604 1503 649 haec

220 672 312 732 est,
340 674 462 735 quod
487 673 589 720 solis
614 672 776 720 fortius
807 673 954 719 lumen
982 672 1063 731 est,
1096 685 1138 719 et
1166 674 1240 719 aer
1258 674 1346 736 ipse
1366 676 1503 739 agita-

223 762 293 793 tus
318 746 373 791 ab
393 745 499 802 illo,
526 744 843 808 calesaCiusque
858 780 871 801 ‚
893 745 1076 792 solutior
1099 746 1190 792 est:
1214 747 1338 793 lunae
1360 763 1503 794 autem

195 816 205 831 ‘
223 817 406 865 inertior
435 817 504 866 vis
528 817 613 875 est,
647 830 689 864 et
716 818 818 863 ideo
839 836 862 864 a
883 817 1199 880 circumposito
1217 819 1316 865 aere
1343 820 1506 868 facilius

223 890 450 939 sustinetur
483 907 494 935 τ
530 907 669 953 aeque
696 890 834 938 fidera
874 904 1019 937 cetera
1051 891 1223 955 infirma
1258 893 1384 950 sunt,
1425 911 1505 940 nec

224 980 506 1028 perrumpere
532 965 631 1010 ae'ra
654 963 699 1009 vi
726 965 795 1010 sua
824 964 1009 1026 poffunt.
1040 965 1269 1026 Excipitur
1290 966 1434 1030 itaque
1455 967 1505 1011 il-

225 1040 367 1085 lorum
390 1039 566 1101 imago,
594 1049 638 1083 et
665 1036 708 1081 in
742 1037 919 1083 materia
951 1037 1156 1083 solidiore
1183 1055 1231 1085 ac
1263 1039 1408 1085 minus
1433 1048 1507 1086 ce²

225 1109 356 1155 dente
382 1108 587 1153 versatur.
612 1105 761 1152 Debet
784 1106 900 1151 enim
921 1107 994 1151 ae'r
1021 1123 1101 1152 nec
1118 1119 1206 1152 tam
1227 1107 1373 1168 spissus
1395 1109 1479 1154 effe
1495 1144 1509 1166 ‚

226 1197 275 1229 ut
301 1181 501 1228 excludat
521 1183 577 1226 ac'
599 1179 858 1225 submoveat
877 1197 899 1225 a
920 1180 1129 1225 selumen
1152 1180 1408 1238 immissum,
1429 1198 1510 1227 nec

227 1268 316 1301 tam
350 1252 489 1299 tenuis
515 1264 556 1298 et
588 1251 779 1309 solutus,
803 1267 848 1297 ut
883 1253 1041 1298 nullam
1074 1252 1348 1299 venientibus
1382 1255 1512 1302 radiis

231 1344 401 1373 moram
422 1325 636 1388 praebeat.
667 1325 789 1369 Haec
808 1324 1007 1370 moriribus
1025 1339 1318 1386 temperatura
1335 1327 1512 1372 contin—

231 1401 319 1466 git,
346 1416 447 1445 cum
467 1398 601 1444 fidera
625 1398 860 1444 colleClum
885 1398 983 1443 ae'ra
1002 1397 1100 1443 luce
1119 1397 1205 1444 levi
1228 1414 1319 1443 non
1342 1416 1512 1460 pugna-

233 1474 339 1521 citer
360 1489 440 1519 nec
469 1471 615 1532 aspere
642 1470 832 1524 feriunt,
861 1469 1222 1534 spiflioremque‚
1251 1487 1382 1533 quam
1404 1470 1514 1518 solet

185 1563 189 1564 ⁷
231 1546 318 1594 effe
345 1543 560 1598 interdiu,
596 1541 806 1588 inficiunt.
1500 1545 1503 1548 ’

300 1622 370 1666 111.
407 1621 463 1664 At
488 1631 641 1664 contra
661 1629 786 1660 arcus
807 1614 852 1660 in
879 1613 1011 1662 ηοξὶε
1040 1629 1131 1659 non
1149 1612 1222 1673 fit,
1253 1613 1331 1659 nifi
1360 1614 1516 1661 admo-

228 1694 339 1742 dum
361 1707 462 1737 raro
484 1707 494 1736 ι
524 1688 624 1753 quia
650 1689 750 1734 luna
774 1697 865 1734 non
894 1689 1024 1733 habet
1046 1699 1212 1732 tantum
1245 1687 1435 1745 virium,
1469 1701 1518 1734 ut
1549 1737 1553 1741 ,

234 1767 373 1814 nubes
400 1763 610 1820 transeat,
646 1774 689 1808 et
725 1760 809 1807 illis
839 1762 1036 1808 colorem
1066 1758 1310 1814 suffundat,
1342 1761 1516 1824 qualem

235 1838 458 1901 accipiunt
498 1835 587 1882 sole
621 1832 877 1895 perstrifiiae.
913 1833 982 1879 Sic
1018 1833 1135 1878 enim
1167 1832 1356 1879 formam
1391 1850 1518 1880 arcus

235 1909 467 1959 discoloris
494 1907 719 1959 efficiunt:
748 1905 852 1968 quia
877 1905 982 1951 aliae
1012 1918 1152 1966 partes
1172 1906 1216 1951 in
1245 1905 1430 1952 nubibus
1450 1921 1516 1952 tu-

235 1983 446 2038 midiores
465 1979 587 2036 sunt,
614 1978 720 2024 aliae
751 1976 1044 2024 submiffiores
1065 1995 1076 2022 :
1098 1979 1310 2040 quaedam
1338 1979 1517 2024 craflio-

235 2075 331 2113 τες,
357 2072 486 2121 quam
504 2070 554 2102 ut
580 2054 714 2100 solem
736 2053 1050 2106 transmittant3
1071 2054 1176 2099 aliae
1196 2053 1520 2110 imbecilliores,

234 2146 368 2194 quam
388 2143 436 2175 ut
455 2128 700 2175 excludant.
726 2125 848 2172 Haec
877 2124 1155 2188 inaequalitas
1179 2126 1352 2172 alternis
1378 2128 1518 2173 lucem

237 2202 526 2263 umbramque
549 2197 779 2262 permiscet
798 2233 811 2255 ‚
842 2210 885 2244 et
909 2197 1116 2261 exprimit
1141 2198 1253 2244 illam
1276 2199 1518 2244 mirabilem

237 2293 365 2323 arcus
405 2275 675 2321 varietatem.
719 2275 867 2319 Altera
916 2271 1038 2317 causa
1087 2271 1353 2317 eiuscemodi
1397 2286 1519 2316 arcus

239 2349 451 2396 redditur.
486 2349 726 2403 Videmus,
761 2363 859 2394 cum
901 2344 1036 2391 fistula
1069 2346 1219 2408 aliquo
1250 2346 1355 2390 loco
1393 2357 1517 2405 rupta

236 2422 327 2482 est,
360 2439 516 2486 aquam
547 2439 627 2485 per
655 2433 794 2470 -tenue
827 2421 1030 2468 foramen
1070 2419 1205 2466 elidi:
1237 2433 1348 2483 quae
1380 2416 1519 2479 sparsa
