1730 2870
252 205 282 248 4
510 176 1273 235 L.ANNAE18ENECAE

255 310 338 342 nus
355 292 561 351 crimine,
580 310 709 356 quam
734 291 1008 340 absolutione
1021 331 1035 352 ,
1050 309 1281 358 peccatum
1297 294 1369 343 est.
1390 297 1525 345 Adul-

249 370 346 418 terii
379 385 498 426 reus,
536 367 746 414 adulteria
779 366 923 413 divisit
951 384 962 412 ε
986 384 1069 414 nec
1096 384 1194 415 ante
1218 370 1298 417 fuit
1324 372 1378 418 de
1415 373 1526 419 salu-

248 459 292 491 te
320 443 490 489 securus
510 476 524 499 ,
555 457 685 504 quam
714 439 871 486 ssmiles
899 439 962 486 sui
995 441 1160 488 iudices
1192 442 1290 489 suos
1322 445 1528 494 reddidit.

251 519 371 564 Haec
394 517 439 562 in
458 531 514 562 eo
542 515 711 562 iudicio
732 514 839 561 facta
860 514 978 572 sunt,
1001 516 1046 560 in
1064 532 1156 578 quo
1171 551 1185 574 ‚
1209 515 1240 562 fi
1267 518 1375 564 nihil
1393 519 1525 577 aliud,

249 592 365 637 Cato
388 588 683 636 testimonium
719 588 897 634 dixerat.
925 587 1015 650 Ipsa
1047 605 1210 651 ponam
1239 590 1374 636 verba
1397 591 1528 639 Cice-

250 661 370 709 ronis
385 697 399 719 ,
422 660 523 724 quia
546 676 611 708 res
631 658 762 706 fidem
782 660 953 707 excedit
972 678 982 706 :
1010 660 1240 709 Arceffivit
1257 663 1311 708 ad
1329 662 1393 721 se,
1417 682 1529 727 pro·

248 734 384 791 milit,
404 731 659 788 intercessu,
687 731 821 778 dedit.
849 734 939 778 lam
966 749 1107 789 vero,
1133 749 1163 779 o
1183 733 1244 779 dii
1265 734 1399 793 boni,
1431 753 1526 784 rem

248 804 486 871 perditam!
520 806 651 852 etiam
683 805 836 852 noctes
865 818 1079 852 certarum
1112 806 1366 866 mulierum,
1398 821 1527 873 atque

248 878 669 925 adolescentulorum
701 878 916 925 nobilium
941 879 1313 939 introduffiones,
1340 884 1526 929 nonnul-

246 953 297 998 lis
321 951 538 998 iudicibus
564 968 647 1013 pro
668 951 881 998 mercedis
902 952 1080 998 cumulo
1109 951 1297 1000 fuerunt.
1329 955 1526 1003 Non-va·

246 1039 317 1073 cat
342 1026 396 1072 de
424 1024 567 1088 pretio
594 1025 746 1087 queri,
777 1024 873 1086 plus
904 1024 948 1069 in
977 1025 1293 1073 accessionibus
1325 1026 1420 1074 fuit.
1450 1029 1527 1076 Vis

245 1100 387 1148 severi
410 1099 523 1146 illius
549 1098 775 1145 uxorem?
807 1099 924 1145 dabo
954 1098 1082 1146 illam.
1114 1100 1192 1147 Vis
1222 1100 1404 1147 divitis?
1440 1101 1523 1148 hu—

247 1175 311 1222 ius
336 1190 515 1237 quoque
545 1173 626 1219 tibi
659 1172 886 1236 praestabo
918 1173 1220 1221 concubitum.
1249 1174 1525 1221 Adulterium

248 1247 325 1295 nisi
356 1247 535 1304 feceris,
573 1248 743 1293 damna.
787 1246 859 1292 llla
887 1244 1080 1291 formosa
1116 1262 1248 1308 quam
1282 1245 1526 1305 desideras,

247 1320 420 1368 veniet:
452 1319 564 1366 illius
593 1318 672 1365 tibi
706 1319 881 1365 no&em
914 1318 1162 1380 promitto,
1204 1334 1286 1365 nec
1321 1318 1480 1366 differo
1509 1339 1521 1366 :

245 1395 359 1442 intra
385 1393 900 1456 comperendinationem
921 1427 935 1448 ‚
962 1391 1070 1439 fides
1100 1393 1298 1455 promiffi
1325 1395 1410 1440 mei
1443 1395 1524 1441 sta-

245 1470 324 1516 bit.
361 1468 463 1514 Plus
493 1466 552 1513 est
574 1466 826 1513 distribuere
853 1467 1082 1521 adulteria,
1108 1484 1238 1529 quam
1277 1466 1450 1515 facere:
1472 1468 1524 1515 il-

243 1541 318 1588 lud
338 1541 398 1587 est
412 1572 425 1595 ‚
447 1540 657 1587 matribus
681 1539 868 1586 familiae
885 1539 1170 1593 denuntiare;
1199 1540 1308 1597 hcc,
1327 1539 1522 1589 illudere.

243 1617 302 1663 Hi
335 1615 502 1662 iudices
530 1613 739 1661 Clodiani
767 1629 791 1659 a
818 1614 965 1659 senatu
991 1613 1203 1675 petierant
1230 1613 1486 1675 praesidium
1507 1651 1522 1673 ,

241 1691 365 1754 quod
391 1706 480 1736 non
512 1704 602 1736 erat
634 1687 711 1734 nifi
737 1688 1003 1734 damnaturis
1034 1687 1317 1734 necess‘arium
1337 1705 1348 1734 :
1369 1703 1411 1735 et
1439 1689 1523 1734 im·-

239 1775 531 1827 petraverant.
566 1764 715 1825 ltaque
744 1761 961 1824 eleganter
989 1759 1072 1806 illis
1106 1759 1314 1817 Catulus,
1349 1759 1523 1807 absolu-

238 1850 289 1885 to
317 1854 429 1885 reo:
455 1836 583 1897 Quid
614 1851 724 1893 vos,
746 1835 918 1897 inquit,
952 1833 1209 1896 praesidium
1235 1851 1258 1879 a
1292 1834 1419 1881 nobis
1449 1853 1534 1898 pe-¹

239 1911 432 1959 tebatis?
465 1928 551 1968 an,
587 1925 641 1956 ne
677 1907 846 1964 nummi
882 1907 1011 1955 vobis
1042 1907 1352 1969 eriperentur?
1407 1911 1522 1956 Inter

238 1984 322 2031 hos
348 1995 493 2029 tamen
523 1983 648 2029 iocos
668 2017 683 2037 ,
706 1979 886 2044 impune
915 1980 1012 2026 tulit
1037 1993 1137 2027 ante
1159 1980 1368 2027 iudicium
1393 1983 1520 2028 adul-

238 2068 333 2113 ter,
366 2055 411 2101 in
439 2056 605 2103 iudicio
639 2054 741 2100 leno
775 2070 785 2099 t
822 2052 898 2116 qui
935 2052 1260 2099 damnationem
1298 2054 1421 2117 peius
1455 2055 1522 2101 ef-

238 2130 375 2193 fugit,
404 2146 533 2191 quam
559 2128 729 2175 meruit.
760 2128 1016 2191 Quidquam
1048 2127 1170 2174 fuisse
1198 2130 1446 2191 corruptius
1466 2130 1521 2175 il-

238 2201 290 2248 lis
320 2202 519 2249 moribus
555 2202 694 2249 credis
714 2233 730 2257 ,
763 2201 921 2264 quibus
958 2200 1096 2246 libido
1126 2216 1219 2247 non
1249 2199 1376 2247 sacris
1401 2200 1519 2246 inhi-

236 2273 357 2331 beri,
395 2291 484 2320 non
514 2274 688 2321 iudiciis
712 2272 921 2336 poterat?
955 2272 1113 2334 quibus
1130 2272 1175 2318 in
1204 2289 1253 2318 ea
1279 2272 1366 2334 ipsa
1385 2289 1519 2335 quae-

234 2346 392 2403 stione,
428 2365 538 2409 quae
568 2359 690 2394 extra
713 2347 914 2393 ordinem
945 2345 1311 2393 senatusconsulto
1342 2362 1519 2392 exerce-

236 2420 362 2467 batur
376 2456 389 2477 ,
410 2421 505 2482 plus
521 2438 652 2484 quam
674 2421 962 2483 quaerebatur
993 2418 1223 2466 admiffum
1244 2417 1336 2465 est?
1374 2419 1519 2477 Quae-

234 2493 438 2552 rebatur,
465 2510 518 2540 aa
546 2494 643 2557 post
671 2493 930 2541 adulterium
959 2492 1114 2556 aliquis
1135 2492 1278 2556 poffet
1306 2504 1424 2539 tutus
1451 2490 1515 2537 es-
