1730 2870
590 49 1139 98 FRAGMENTA..
1414 65 1501 108 42}

213 159 299 208 tios
313 159 473 207 habere
485 171 707 206 merentur
724 159 741 205 ?
761 158 820 204 dii
840 169 984 205 autem
1003 156 1126 203 nullo
1141 154 1221 220 ipsi
1237 154 1400 203 debent
1414 156 1503 203 coli

219 250 403 297 genere,
421 231 451 278 fi
469 245 512 279 et
524 226 610 277 hoc
631 231 798 279 volunt.
816 231 987 276 Tantus
1006 228 1066 275 est
1087 226 1363 291 perturbatae
1384 245 1508 273 men-2

217 305 272 352 tis
289 317 331 351 et
354 303 525 351 sedibus
549 302 637 349 suis.
667 302 808 365 pulsae
832 301 980 359 furor,
998 317 1047 348 ut
1061 300 1118 347 fic
1150 300 1210 346 dii
1238 300 1467 364 placentur
1487 331 1507 354 2

218 375 593 440 quemadmodum
615 390 668 420 ne
690 373 890 420 homines
914 372 1095 434 quidem
1118 370 1324 417 saeviunt.
1347 371 1509 417 Teter-

219 448 398 505 rimi,et
418 447 462 494 in
482 447 647 494 fabulas
673 448 851 494 traditae
878 447 1145 493 crudelitatis
1170 445 1371 509 tyranni,
1390 446 1508 492 lace-

219 532 429 567 raverunt
459 520 706 583 aliquorum
741 520 965 577 membra,
986 520 1207 565 neminem
1225 517 1297 564 sua-
1322 518 1511 564 lacerare

221 593 506 640 iusserunt.1n
532 593 674 655 regiae
710 592 899 639 libidinis
919 592 1190 653 voluptatem
1221 591 1388 638 castrati
1414 592 1513 638 sunt

220 664 425 728 quidam,
442 664 515 711 sed
541 681 673 710 nemo
698 663 773 710 sibi
791 699 805 721 ,
830 681 883 711 ne
913 664 982 710 vir
1001 664 1105 710 efi'et
1122 696 1137 718 ‚
1159 664 1333 709 iubente
1360 664 1510 710 dorni-

220 753 281 783 no
298 771 312 794 ‚
337 753 490 783 manus
517 737 673 784 intulit.
710 738 764 783 Se
790 735 868 798 ipsi
899 736 943 782 in
967 737 1139 797 templis
1170 736 1510 792 contrucidant,

221 808 476 855 vulneribus
506 809 587 856 suis
617 827 665 856 ac
685 809 886 871 sanguine
916 809 1170 872 supplicant.
1197 808 1237 852 S}
1262 807 1330 853 cui
1349 808 1512 854 intueti

221 893 346 929 vacet
363 899 476 945 quae
498 881 689 941 faciunt,
708 900 911 946 quaeque
938 885 1160 944 patiuntur
1179 904 1189 935 3
1209 883 1406 929 inveniet
1423 896 1512 927 tam

222 957 433 1004 indecora
450 956 667 1015 honestis,
695 970 783 1004 tam
799 957 972 1020 indigna
986 957 1161 1015 liberis,
1189 971 1278 1004 tam
1295 955 1513 1002 diffimilia

223 1030 360 1105 sanis,
378 1046 428 1077 ut
447 1023 579 1077 nemo
598 1030 733 1077 fuerit
759 1030 1056 1083 dubitaturus,
1080 1031 1221 1078 fureie
1234 1047 1336 1087 eos
1358 1029 1387 1075 si
1407 1045 1510 1075 cum

228 1085 511 1166 paucioribus
545 1103 771 1159 furerent3
790 1120 906 1149 nunc
922 1104 1109 1151 sanitatis
1129 1102 1345 1166 patrocini
1335 1120 1424 1148 um
1454 1100 1515 1148 est

225 1174 528 1223 insanientium
565 1176 702 1223 turba.
732 1178 822 1221 lam
848 1175 919 1221 illa
949 1193 1058 1239 quae
1090 1177 1137 1222 in
1162 1177 1258 1226 ipso
1286 1174 1515 1237 Capitolio

223 1245 318 1293 fieri
338 1247 475 1294 solere
496 1261 842 1303 commemorat,
863 1262 906 1293 et
937 1247 1155 1309 intrepide
1175 1247 1360 1293 omnino
1385 1262 1509 1292 coar-

221 1320 314 1384 guit
328 1356 342 1377 ,
355 1320 455 1383 quis,
469 1321 614 1367 credat
634 1320 710 1365 nifi
725 1320 777 1365 ab
793 1319 1073 1367 irridentibus
1083 1333 1156 1365 aut
1175 1318 1418 1365 furentibus
1432 1318 1511 1365 fiee

223 1393 261 1439 ri
282 1393 299 1438 ?
334 1392 449 1437 Nam
470 1409 570 1438 cum
597 1391 644 1453 in
666 1391 791 1438 sacris
811 1392 1046 1455 Aegyptiis
1067 1391 1231 1438 Ofirim
1249 1391 1389 1454 lugeri
1412 1408 1511 1453 per-

224 1467 366 1513 ditum
381 1502 397 1523 ,
419 1483 526 1512 mox
546 1478 687 1512 autem
709 1465 761 1511 de
775 1465 961 1512 invento
978 1481 1186 1529 magnum
1207 1465 1290 1512 efle
1303 1466 1510 1527 gaudium

223 1540 433 1586 derisisset
457 1559 471 1595 3
492 1556 593 1586 cum
629 1539 821 1601 perditio
853 1539 946 1586 eius
971 1538 1263 1602 inventioque
1295 1539 1512 1603 fingatur,

223 1612 357 1659 dolor
385 1628 530 1659 tamen
569 1612 639 1658 ille
668 1624 800 1674 atque
820 1611 977 1658 laetitia
993 1647 1005 1669 ‚
1025 1612 1078 1657 ab
1100 1612 1159 1658 eis
1179 1612 1259 1675 qui
1281 1612 1384 1657 nihil
1408 1628 1508 1674 per-

226 1685 430 1731 diderunt
451 1719 464 1742 ,
497 1684 691 1748 nihilque
726 1685 991 1731 invenerunt
1012 1720 1028 1739 ,
1053 1683 1265 1729 veraciter
1291 1684 1512 1747 exprima-

226 1770 330 1803 tur:
358 1756 474 1803 Huic
498 1770 664 1812 tamen,
689 1755 861 1819 inquit,
885 1755 1024 1802 furori
1045 1770 1214 1802 certum
1234 1769 1406 1818 tempus
1436 1756 1511 1803 est.

225 1830 478 1877 Tolerabile
507 1829 568 1877 est
583 1866 598 1888 ‚
624 1830 752 1877 semel
766 1830 809 1876 in
828 1847 945 1876 anno
963 1829 1161 1877 insanire.
1176 1833 1223 1876 ln
1236 1831 1508 1893 Capitolium

225 1905 442 1969 perveni,
470 1906 649 1969 pudebit
687 1906 927 1972 publicatae
964 1905 1242 1963 dementiae,
1275 1906 1398 1967 quod
1433 1905 1511 1952 fibi

228 1997 367 2027 vanus
383 1979 510 2027 furor
525 1980 746 2037 attribuit,
774 1979 926 2027 officii.
943 1979 1064 2026 Alius
1082 1979 1258 2025 numina
1278 1979 1385 2024 Deo
1404 1979 1506 2024 sub-

227 2053 348 2109 iicit,
378 2053 483 2100 alius
510 2054 639 2100 horas
668 2054 767 2100 Iovi
794 2053 994 2111 nuntiat,
1021 2054 1127 2100 alius
1145 2052 1270 2099 lictor
1290 2053 1374 2108 est,
1403 2052 1508 2098 alius

228 2126 408 2181 unctor,
438 2126 512 2187 qui
537 2142 652 2173 vano
673 2138 798 2171 motu
823 2124 1105 2171 brachiorum
1127 2124 1321 2170 imitatur
1339 2141 1509 2187 ungen-

227 2210 330 2245 tem.
362 2200 467 2245 Sunt
491 2215 602 2261 quae
633 2198 786 2245 Iunoni
813 2215 863 2244 ac
898 2198 1125 2244 Minervae
1157 2198 1337 2260 capillos
1360 2198 1508 2258 dispo-

230 2285 357 2330 nant,
387 2273 552 2337 longea
572 2274 739 2336 templo
755 2310 769 2329 ,
789 2290 876 2318 non
898 2284 1062 2317 tanturn
1085 2287 1106 2314 3
1125 2270 1376 2328 simulacro,
1396 2270 1510 2316 stan-

230 2359 295 2394 tes
308 2378 322 2402 ,
342 2346 501 2411 digitos
525 2360 707 2396 movent
725 2347 973 2394 ornantium
993 2347 1148 2395 modo.
1164 2348 1270 2394 Sunt
1286 2363 1396 2411 quae
1416 2346 1510 2409 spe-
